2888 5018
380 444 382 449 ’
472 452 582 501 nucis
609 451 829 500 nurnoaunr.
1175 433 1222 498 23

75 611 177 679 Unde
200 611 242 677 ad
265 609 517 697 indignationem
540 624 646 677 motus
671 631 737 676 non
763 608 932 688 modicam,
959 608 1140 696 Anglorum
1164 632 1222 676 rex

69 699 297 778 ferocissimus,
319 714 517 788 congregato
538 700 694 776 exercitu,
718 700 805 764 venit
821 699 862 762 ad
880 697 1010 762 Novum
1029 698 1219 776 Castellum,

71 787 161 873 quod
177 809 272 871 super
283 787 408 872 Tynam
424 787 556 850 fluvium
573 786 666 850 situm
684 799 743 850 est.
792 785 896 849 Scotti
910 785 1028 871 quippe
1043 786 1223 850 universam

75 872 412 959 Nordthaymbrorum
420 873 615 958 provinciam
625 873 779 937 vastando
791 885 1008 957 peragrantes
1024 871 1221 936 Dunelmum

71 974 248 1036 venerant3
267 974 301 1024 et
320 983 393 1024 cum
412 982 477 1024 non
496 972 580 1025 esset
601 960 656 1046 qui
675 960 847 1036 resisteret,
867 981 932 1022 non
952 959 1095 1043 pepercit
1111 960 1221 1022 oculus

72 1069 184 1111 eorum
209 1046 265 1110 ulli
296 1047 386 1112 sexui
409 1047 459 1111 vel
477 1046 673 1111 conditioni:
698 1046 753 1109 sed
774 1046 943 1110 audientes
961 1067 1072 1129 regem
1095 1046 1221 1129 Angliae

72 1134 258 1211 adventare,
270 1134 357 1222 fugae
373 1134 522 1219 praesidio
537 1133 657 1197 animas
672 1156 743 1197 suas
759 1134 948 1217 satagebant
963 1133 1096 1196 salvare.
1145 1132 1220 1196 Rex

70 1220 180 1306 itaque
196 1235 233 1284 ut
247 1221 369 1284 dictum
385 1233 443 1297 est,
460 1221 572 1285 videns
587 1221 672 1284 mala
686 1243 759 1308 quae
775 1243 841 1283 suae
856 1220 945 1304 genti
964 1219 1148 1296 intulerant,
1167 1243 1221 1283 ve-

70 1307 254 1371 hementius
269 1308 416 1384 indoluit,
433 1322 465 1371 et
481 1331 537 1372 eos
549 1303 673 1392 insequi
686 1307 769 1370 otius
781 1306 977 1392 properavit.
1017 1305 1126 1370 Naves
1142 1328 1220 1369 vero

70 1414 207 1457 numero
219 1394 449 1481 quinquaginta
467 1417 544 1481 quas
563 1394 649 1478 apud
662 1393 824 1457 Occiduos
843 1393 966 1480 Anglos
988 1392 1118 1455 triticeis
1137 1413 1221 1457 mer-

71 1482 161 1544 cibus
173 1493 313 1558 onustas,
330 1481 471 1545 Scotiam
484 1480 578 1564 dirigi
593 1493 801 1564 praeceperat,
820 1479 851 1541 in
865 1478 955 1543 brevi
972 1478 1003 1541 in
1019 1479 1101 1543 ostio
1116 1478 1220 1564 Tynae

71 1567 213 1631 fluminis
236 1567 470 1653 applicuerunt.
519 1567 589 1630 Viri
611 1579 721 1631 autem
744 1567 799 1652 qui
824 1566 957 1629 navibus
984 1566 1118 1643 inerant,
1145 1565 1221 1652 quia

71 1675 149 1738 rege
159 1655 380 1738 proficiscente
389 1676 454 1717 non
467 1666 535 1718 erat
545 1655 600 1740 qui
610 1675 664 1716 eos
674 1652 853 1730 cohiberet,
865 1653 1031 1735 regionem
1044 1653 1219 1737 praedando

70 1755 280 1825 percurrunt3
305 1763 365 1804 nec
388 1742 482 1804 rebus
510 1740 542 1803 in
566 1740 716 1824 praesidio
744 1740 853 1804 Sancti
882 1739 981 1823 Regis
1006 1753 1040 1804 et
1065 1740 1219 1825 Martyris

75 1827 195 1892 Oswini
210 1828 364 1912 depositis
380 1841 525 1912 parcunt.
565 1827 723 1901 Quaedam
738 1827 855 1912 quippe
871 1827 988 1904 vetula,
1005 1850 1078 1914 quae
1091 1849 1219 1910 gressus

70 1914 170 1977 aniles
190 1914 306 1978 baculo
325 1917 535 1992 sustentabat,
557 1915 654 1977 telam
673 1915 831 1977 modicam
855 1926 1014 1989 texuerat,
1037 1927 1070 1976 et
1091 1935 1219 1976 omnem

70 2023 161 2085 spem
178 2023 296 2064 annuae
312 2000 518 2065 exhibitionis
531 2001 593 2064 sibi
609 2000 640 2063 in
657 2002 696 2064 ed
711 2000 929 2063 constituerat.
986 2000 1079 2064 Hanc
1095 1999 1125 2062 ei
1142 2022 1220 2062 nau-

70 2087 153 2151 ticus
173 2088 283 2171 praedo
299 2089 340 2152 de
356 2087 501 2151 manibus
517 2100 660 2171 ereptam
676 2086 818 2164 abstulit,
836 2101 869 2149 et
887 2086 961 2156 navi
976 2108 1084 2150 secum
1099 2085 1218 2149 intulit.

72 2174 159 2248 Quae
174 2175 254 2238 flens
270 2188 302 2238 et
318 2175 449 2261 ejulans,
463 2175 505 2238 ob
520 2173 731 2237 reverentiam
748 2173 856 2237 Sancti
871 2173 1002 2237 Patroni
1019 2173 1067 2236 sui
1086 2173 1216 2250 Oswini,

34 2300 39 2306 -
68 2261 130 2324 sibi
146 2261 237 2324 reddi
253 2261 350 2324 telam
362 2283 451 2324 suam
466 2261 567 2324 multa
582 2283 676 2345 prece
692 2273 726 2324 et
737 2260 968 2324 miserabilibus
977 2260 1113 2324 lacrimis
1125 2283 1219 2346 roga·

69 2348 137 2423 vit3
157 2349 300 2412 sedeam
319 2359 352 2412 et
368 2361 537 2432 patronum
553 2348 664 2431 praedo
683 2349 838 2432 superbus
860 2348 1017 2432 despexit.
1066 2348 1125 2412 Illa
1140 2345 1218 2410 verb

69 2434 296 2498 monasterium
317 2436 426 2498 Sancti
445 2434 597 2520 Martyris
617 2458 681 2520 quo
701 2435 806 2519 potuit
826 2436 936 2498 annisu
952 2435 1108 2520 pervenit,
1126 2448 1158 2499 et
1174 2434 1219 2497 ibi

73 2523 228 2585 Sanctum
247 2521 489 2605 importunitate
508 2522 583 2584 anili
598 2522 702 2606 petiit,
728 2521 885 2607 quaesivit,
903 2522 1051 2606 pulsavit,
1068 2521 1217 2608 quatinus

68 2608 168 2672 telam
180 2607 239 2671 sibi
251 2608 401 2672 redderet
412 2631 420 2683 ;
437 2621 471 2672 et
482 2608 523 2671 de
535 2622 655 2673 caetero
666 2609 695 2672 ei
705 2608 889 2685 vindictam,
907 2622 944 2671 ut
955 2609 1049 2686 hosti,
1063 2609 1222 2672 retribuet

68 2695 317 2758 commendavit.
352 2695 442 2758 Deus
459 2710 577 2772 autem,
592 2696 645 2782 qui
656 2695 823 2758 viduarum
836 2695 979 2757 lacrimas
992 2718 1058 2758 non
1071 2695 1217 2777 despicit,

68 2781 127 2845 sed
153 2782 194 2845 ab
220 2804 331 2846 earum
357 2782 487 2845 maxilli
513 2782 595 2845 dixit
620 2805 673 2845 eas
701 2781 927 2857 conscendere,
955 2781 1077 2844 meritis
1108 2781 1218 2844 Sancti

70 2867 225 2953 Martyris
250 2868 413 2932 exaudivit
441 2869 622 2932 lacrimosos
646 2870 765 2931 vetulae
791 2867 957 2955 singultus.
1006 2867 1045 2931 In
1080 2867 1218 2930 crastino

68 2956 188 3041 itaque,
208 2956 303 3019 flante
318 2969 416 3018 vento
435 2956 586 3030 secund0,
603 2969 710 3018 nautae
729 2955 834 3018 Coket
854 2954 1054 3038 perveniunt,
1072 2954 1219 3018 videlicet

69 3043 203 3105 insulam
227 3041 396 3118 modicam,
421 3040 683 3127 iTynemudtha
702 3041 792 3127 quasi
817 3040 928 3125 viginti
951 3041 1078 3105 milibus
1098 3042 1219 3105 distan-

68 3141 146 3193 tem.
199 3129 283 3202 Quae
305 3128 408 3191 insula
433 3129 539 3192 Coket
562 3129 698 3191 fluminis
723 3129 805 3191 ostio
829 3132 1012 3215 praejaceuS,
1038 3131 1078 3193 ab
1102 3131 1217 3193 eodem

68 3238 186 3280 nomen
206 3215 340 3299 accepit.
389 3215 454 3278 Res
466 3215 556 3292 mira,
578 3229 610 3279 et
629 3215 749 3278 meritis
770 3216 877 3279 Sancti
896 3216 994 3300 Regis
1013 3230 1047 3279 et
1065 3217 1218 3301 Martyris

73 3303 193 3368 Oswini
222 3303 449 3366 attribuenda:
482 3302 660 3366 Insumma
683 3302 913 3388 tranquillitate
943 3303 1024 3367 aeris
1051 3319 1219 3388 coeperunt

69 3412 166 3454 naves
187 3390 344 3453 universae
363 3389 395 3451 in
414 3390 561 3473 scopulos
581 3389 791 3466 offendentes
812 3412 882 3453 sese
898 3390 1034 3454 invicem
1055 3391 1217 3468 collidere,

68 3489 102 3541 et
117 3477 232 3540 fluctus
247 3478 367 3562 absque
382 3489 552 3540 vetitorum
568 3476 695 3539 turbiue
709 3479 776 3562 jam
791 3478 858 3560 jam
871 3478 1037 3542 saevientes
1052 3492 1219 3564 coeperuut

69 3576 183 3627 nautas
206 3585 432 3647 summergere,
458 3577 491 3627 et
512 3585 624 3625 omnes
648 3561 713 3625 lere
736 3564 919 3627 absorbere.
968 3565 1010 3628 Et
1034 3567 1149 3633 eodem
1167 3569 1220 3632 die

69 3672 134 3714 non
150 3650 252 3713 solum
268 3672 402 3734 corpora
417 3664 627 3726 mortuorum,
645 3651 701 3713 sed
718 3650 814 3713 etiam
827 3651 935 3714 omnia
949 3674 1021 3739 quae
1033 3669 1217 3739 rapuerant,

69 3737 151 3800 infra
173 3738 254 3800 fines
277 3737 318 3800 de
344 3736 572 3821 Tynemudtha
589 3737 678 3820 jactu
702 3735 797 3799 maris
820 3738 862 3801 ad
884 3737 970 3802 idem
993 3740 1068 3804 litus
1089 3757 1219 3807 revecta

70 3836 155 3887 suut.
201 3824 320 3887 Incolae
340 3822 469 3887 tandem
489 3822 661 3906 provinciae
676 3823 730 3908 qui
746 3823 788 3886 ob
806 3827 990 3889 Scottorum
1008 3829 1058 3891 vel
1073 3832 1116 3894 ob
1134 3831 1219 3893 Nor-

71 3932 259 3974 mannorum
275 3932 435 3986 occursus,
453 3909 642 3972 declinando
658 3908 817 3972 latuerant
832 3912 865 3973 in
883 3925 1037 3980 terrarum
1054 3939 1110 3980 seu
1126 3916 1219 3980 silva-

72 4019 143 4060 rum
158 3997 285 4073 abditis,
302 3996 473 4059 securitate
484 3996 707 4080 qualicumque
717 3999 857 4080 recepta,
872 4002 1099 4083 egrediuntur3
1116 4016 1148 4066 et
1161 4026 1218 4087 per

70 4083 166 4148 litora
177 4106 252 4147 casu
261 4083 403 4168 dispersi,
418 4082 581 4166 reperiunt
591 4083 697 4146 omnia
705 4106 778 4170 quae
790 4085 971 4151 amiserant.
1001 4088 1100 4152 Nullo
1108 4089 1218 4175 itaque

70 4170 130 4233 nisi
149 4171 237 4258 quod
253 4193 345 4232 suum
364 4183 432 4232 erat
451 4182 677 4252 praesumente,
697 4171 809 4254 praedo
825 4173 879 4256 qui
895 4175 1011 4237 vetulae
1031 4176 1126 4238 telam
1144 4176 1219 4239 diri-

70 4271 195 4341 puerat,
217 4257 249 4319 in
264 4256 376 4320 sabulo
391 4255 577 4339 complexus
592 4254 693 4340 ipsam
710 4257 817 4334 telam,
843 4277 909 4322 tam
924 4260 977 4322 diu
986 4261 1098 4346 jacuit,
1116 4262 1219 4327 donec

70 4343 138 4427 ipsa
164 4344 273 4408 vetula
297 4343 374 4406 licet
397 4341 518 4405 tardior
544 4341 721 4407 adveniret.
771 4342 877 4425 Quam
903 4345 1007 4408 laetior
1026 4360 1059 4409 et
1084 4350 1219 4413 alacrior

69 4431 195 4508 tollens,
206 4428 370 4493 insultavit
381 4442 508 4492 mortuo
523 4429 667 4512 praedoni
683 4431 813 4502 diceus;
832 4431 1030 4494 “Hesterno
1046 4433 1096 4498 die
1107 4437 1218 4520 rogavi
