2888 5018
592 372 685 423 VITA
713 368 850 422 SANCTI

292 857 410 950 [CAP.
426 853 532 920 XXX
534 850 728 1002 'smil-ede
696 847 774 1001 91νῖ
787 849 939 916 mandata
953 853 1019 917 suis
1032 854 1067 915 in
1076 851 1149 934 fine

277 1172 350 1238 Jam
365 1165 500 1254 propior
516 1162 603 1229 coelis
619 1161 739 1226 morbis
755 1162 939 1247 compulsus
954 1162 1091 1241 anhelis,

278 1261 348 1326 Das
363 1254 516 1319 mandata
531 1249 621 1339 gregi
637 1249 755 1314 divinae
771 1272 917 1335 congrua
931 1249 1007 1339 legi,

283 1347 529 1428 Extremunque
544 1339 615 1404 vale
630 1337 673 1401 sic
689 1337 804 1424 linquis
820 1336 996 1423 spirituale.

281 1445 304 1478 “
321 1430 454 1499 Pacifici
470 1428 548 1504 sitis,
564 1427 703 1490 vitantes
714 1424 823 1509 jurgia
838 1424 913 1503 litis,

281 1531 302 1564 “
320 1520 364 1584 Et
380 1540 437 1582 cor
452 1536 580 1600 semper
594 1513 682 1577 idem
697 1513 789 1578 vobis
803 1534 894 1576 amor
909 1512 1019 1601 alliget
1034 1512 1137 1589 idem3

281 1618 303 1652 “
318 1605 443 1688 Alliget
458 1603 490 1666 in
508 1600 648 1677 Christo,
665 1623 722 1664 nec
738 1599 909 1664 discedatis
925 1601 966 1664 ab
982 1602 1045 1665 isto
1058 1625 1067 1677 3

281 1703 303 1738 “
318 1694 395 1759 Non
410 1688 609 1765 discordetis,
626 1688 704 1752 dum
719 1687 853 1753 consilio
870 1690 1031 1776 satagetis.

283 1791 307 1824 “
324 1778 504 1843 Consilium
520 1776 616 1862 plane
632 1775 806 1840 concordia
822 1798 887 1840 non
905 1777 961 1841 dat
976 1778 1082 1856 inane,

284 1879 308 1911 “
326 1868 412 1932 Nam
428 1865 511 1929 male
527 1863 683 1950 procedet
699 1862 761 1927 hoc
777 1863 803 1928 si
819 1863 979 1929 discordia
1001 1865 1122 1931 foedet:

283 1967 306 2000 “
326 1956 481 2040 Quosque
496 1953 560 2016 fide
576 1952 678 2016 claros
694 1951 824 2016 colitote
839 1975 900 2037 per
915 1954 1024 2018 omnia
1035 1975 1142 2028 caros:

282 2055 303 2090 “
321 2043 385 2108 His
400 2041 478 2106 fidei
492 2042 575 2106 natis
587 2063 652 2105 non
667 2039 766 2125 pluris
781 2063 837 2105 vos
849 2039 1012 2118 habeatis3

284 2143 307 2177 “
324 2129 469 2216 Hospitii
478 2129 553 2213 jura
567 2152 692 2192 summa
707 2127 857 2191 deducite
870 2151 947 2193 cura
955 2153 964 2206 3

285 2231 308 2264 “
326 2219 389 2284 His
405 2239 485 2316 rogo
501 2217 628 2293 servite,
645 2230 737 2301 parat
753 2216 816 2280 hoc
831 2217 886 2300 pia
900 2215 1024 2281 foedera
1039 2216 1126 2284 vitae.

285 2318 308 2351 “
325 2304 503 2371 Catholrcoe
518 2304 604 2389 pacis
619 2304 734 2390 procul
748 2303 856 2368 hostes
871 2304 1052 2392 aufugistis,

286 2404 308 2438 “
325 2391 396 2456 Nec
412 2413 485 2454 cum
501 2391 656 2474 perversis
672 2393 703 2454 in
716 2392 952 2479 perfidiamque
968 2396 1105 2459 reversis

285 2491 307 2525 ‘⁴
325 2484 508 2544 Consensus
520 2477 607 2553 facti,
624 2500 684 2541 nec
700 2480 740 2542 sit
757 2481 942 2544 communio
957 2484 1054 2565 pacti.

286 2578 308 2613 “
328 2566 401 2630 Hoc
417 2566 555 2629 retinete
572 2578 687 2643 ratum,
705 2567 793 2652 quod
809 2566 870 2630 erit
886 2581 960 2652 post
975 2567 1088 2634 funera
1101 2584 1242 2657 gratum,

286 2666 308 2700 “
327 2655 437 2720 Rebus
453 2652 486 2716 in
501 2653 654 2731 adversis,
671 2653 762 2718 vobis
774 2653 807 2718 in
824 2653 927 2719 tristia
942 2655 1064 2735 mersis,

286 2755 307 2788 “
325 2745 409 2809 Cum
425 2740 531 2806 dubiis
547 2741 619 2806 fatis
635 2741 695 2806 erit
711 2741 869 2806 incertum
884 2742 962 2828 quid
977 2746 1090 2832 agatis,

285 2841 307 2875 “
324 2831 402 2897 Plus
418 2830 534 2915 placet,
551 2830 666 2895 effossa
681 2852 753 2895 mea
768 2853 825 2894 vos
842 2829 961 2895 tollatis
977 2844 1014 2895 ut
1029 2855 1110 2910 ossa,

288 2929 311 2962 “
329 2918 373 2982 Et
387 2930 626 3002 comportantes
640 2918 713 2982 loca
727 2918 879 3004 linquatis
894 2917 1081 3003 fugitantes,

289 3016 311 3050 “
331 3004 437 3078 Quam
448 3005 529 3089 juga
544 3027 719 3091 pravorum
734 3003 859 3070 ducatis
875 3004 1138 3089 scismaticorum,

289 3102 311 3137 ‘⁴
329 3091 486 3178 Collaque
501 3093 645 3158 subdatis
661 3092 839 3158 fautoribus
855 3093 1038 3179 impietatis.

286 3190 308 3223 “
324 3179 460 3244 Petrum
475 3181 634 3246 catholica
648 3181 702 3266 pia
717 3180 879 3269 dogmata,
896 3183 983 3266 pacis
999 3183 1112 3263 amica,

288 3277 312 3312 “
328 3267 488 3354 Quaeque,
505 3268 579 3333 Deo
595 3269 704 3344 dante,
720 3268 788 3331 fido
803 3267 864 3331 sibi
880 3292 931 3333 me
947 3269 1133 3351 famulante,
1149 3275 1152 3285 '

289 3366 313 3400 “
329 3356 370 3419 In
386 3378 437 3420 me
452 3355 585 3432 vidistis,
610 3376 683 3440 quae
697 3367 809 3418 sancta
824 3356 956 3442 quidem
971 3357 1139 3440 didicistis,

291 3452 315 3485 “
332 3442 442 3531 Digne
457 3442 601 3518 servetis,
618 3454 782 3506 servantes
797 3465 924 3529 semper
938 3447 1071 3521 ametis3

288 3540 310 3574 “
325 3530 412 3595 Nem
427 3531 502 3595 licet
517 3528 609 3595 exilis
623 3527 745 3607 videar,
762 3529 967 3618 vivendoque
981 3532 1062 3611 vilis,

288 3628 310 3661 “
327 3618 405 3682 Post
421 3619 544 3683 obitum
560 3631 647 3681 certe
662 3630 806 3681 nostrum
823 3618 959 3683 cernetis
975 3635 1086 3705 aperte

287 3714 309 3746 ‘⁴
330 3704 412 3779 Quis
428 3706 497 3782 sim,
514 3704 565 3769 vel
580 3704 693 3791 qualis,
710 3728 805 3792 quam
821 3705 887 3771 vita
900 3706 1088 3792 spiritualis3

290 3802 312 3834 “
326 3791 424 3865 Quod
437 3815 507 3857 mea
516 3792 663 3858 doctrina
674 3793 770 3858 luerit
785 3795 889 3881 culpae
901 3794 1088 3860 medicina.''

292 3879 375 3943 Haec
390 3879 447 3943 sed
463 3894 494 3944 et
509 3880 559 3944 his
575 3881 666 3965 plura
681 3881 828 3958 dicendo,
846 3881 908 3946 tuis
923 3882 1102 3967 profutura,

291 3967 365 4032 Jam
380 3989 515 4054 regnum
532 3970 656 4034 Christi
677 3993 845 4033 scansurus
867 3969 1051 4036 disseruisti

294 4054 449 4120 Excubiis
461 4056 543 4121 laetis
555 4058 622 4122 ibat
638 4079 706 4121 nox
718 4057 787 4142 ipsa
801 4056 917 4144 quietis
933 4082 940 4120 :

293 4143 385 4209 Luce
399 4147 648 4246 propinquante,
665 4157 697 4209 te
712 4144 790 4208 lucis
807 4145 900 4231 Rege
916 4159 1061 4224 vocante,

291 4231 462 4299 Transrtus
474 4233 623 4310 instabat,
639 4231 694 4318 qui
710 4243 741 4296 te
758 4229 851 4294 nimis
866 4229 1076 4301 exhilarabat.

295 4314 345 4387 Ut
360 4339 449 4388 sacra
459 4319 527 4406 jam
541 4317 603 4384 rite
626 4315 761 4406 gustasti
776 4313 898 4384 fercula
912 4317 998 4402 vitoe,
