<?xml version="1.0" encoding="UTF-8"?>
<!DOCTYPE html PUBLIC "-//W3C//DTD XHTML 1.0 Transitional//EN"
    "http://www.w3.org/TR/xhtml1/DTD/xhtml1-transitional.dtd">
<html xmlns="http://www.w3.org/1999/xhtml" xml:lang="en" lang="en">
 <head>
  <title>
</title>
<meta http-equiv="Content-Type" content="text/html;charset=utf-8" />
  <meta name='ocr-system' content='tesseract 3.04.00' />
  <meta name='ocr-capabilities' content='ocr_page ocr_carea ocr_par ocr_line ocrx_word'/>
</head>
<body>
  <div class='ocr_page' id='page_1' title='image "./miscellaneabiog00raingoog_0067.png"; bbox 0 0 2888 5018; ppageno 0'>
   <div class='ocr_carea' id='block_1_1' title="bbox 145 297 850 366">
    <p class='ocr_par' dir='ltr' id='par_1_1' title="bbox 145 297 850 366">
     <span class='ocr_line' id='line_1_1' title="bbox 145 297 850 366; baseline 0.001 -1"><span class='ocrx_word' id='word_1_1' title='bbox 145 297 193 365; x_wconf 79' lang='lat'>48</span> <span class='ocrx_word' id='word_1_2' title='bbox 286 331 290 340; x_wconf 83' lang='lat'><em>·</em></span> <span class='ocrx_word' id='word_1_3' title='bbox 593 314 683 364; x_wconf 72' lang='lat' dir='ltr'>vrri</span> <span class='ocrx_word' id='word_1_4' title='bbox 712 316 850 366; x_wconf 83' lang='lat' dir='ltr'>oswrm</span> 
     </span>
    </p>
   </div>
   <div class='ocr_carea' id='block_1_2' title="bbox 89 470 1330 2767">
    <p class='ocr_par' dir='ltr' id='par_1_2' title="bbox 140 470 1330 2237">
     <span class='ocr_line' id='line_1_2' title="bbox 144 470 1283 566; baseline 0.006 -25"><span class='ocrx_word' id='word_1_5' title='bbox 144 478 201 566; x_wconf 89' lang='lat' dir='ltr'>qui</span> <span class='ocrx_word' id='word_1_6' title='bbox 211 479 280 563; x_wconf 88' lang='lat' dir='ltr'>jam</span> <span class='ocrx_word' id='word_1_7' title='bbox 295 489 444 542; x_wconf 87' lang='lat' dir='ltr'>octavum</span> <span class='ocrx_word' id='word_1_8' title='bbox 456 476 559 541; x_wconf 76' lang='lat' dir='ltr'>aetatis</span> <span class='ocrx_word' id='word_1_9' title='bbox 571 470 759 563; x_wconf 82' lang='lat' dir='ltr'>impleverat</span> <span class='ocrx_word' id='word_1_10' title='bbox 774 501 903 557; x_wconf 91' lang='lat' dir='ltr'>annum,</span> <span class='ocrx_word' id='word_1_11' title='bbox 917 479 958 544; x_wconf 93' lang='lat' dir='ltr'>ad</span> <span class='ocrx_word' id='word_1_12' title='bbox 974 479 1113 545; x_wconf 88' lang='lat' dir='ltr'>eandam</span> <span class='ocrx_word' id='word_1_13' title='bbox 1125 482 1283 548; x_wconf 87' lang='lat' dir='ltr'>ecclesiam</span> 
     </span>
     <span class='ocr_line' id='line_1_3' title="bbox 145 565 1282 656; baseline 0.004 -26"><span class='ocrx_word' id='word_1_14' title='bbox 145 566 284 642; x_wconf 82' lang='lat' dir='ltr'>detulit3</span> <span class='ocrx_word' id='word_1_15' title='bbox 310 588 448 653; x_wconf 88' lang='lat' dir='ltr'>eumque</span> <span class='ocrx_word' id='word_1_16' title='bbox 471 578 546 629; x_wconf 87' lang='lat' dir='ltr'>aute</span> <span class='ocrx_word' id='word_1_17' title='bbox 573 565 680 631; x_wconf 81' lang='lat' dir='ltr'>Sancti</span> <span class='ocrx_word' id='word_1_18' title='bbox 708 568 910 652; x_wconf 84' lang='lat' dir='ltr'>sepulchrum</span> <span class='ocrx_word' id='word_1_19' title='bbox 935 567 1089 656; x_wconf 85' lang='lat' dir='ltr'>Martyris</span> <span class='ocrx_word' id='word_1_20' title='bbox 1113 570 1282 656; x_wconf 90' lang='lat' dir='ltr'>deponens,</span> 
     </span>
     <span class='ocr_line' id='line_1_4' title="bbox 146 652 1284 747; baseline 0.005 -30"><span class='ocrx_word' id='word_1_21' title='bbox 146 653 253 717; x_wconf 88' lang='lat' dir='ltr'>multis</span> <span class='ocrx_word' id='word_1_22' title='bbox 273 655 448 718; x_wconf 89' lang='lat' dir='ltr'>astantibus</span> <span class='ocrx_word' id='word_1_23' title='bbox 468 666 501 718; x_wconf 90' lang='lat' dir='ltr'>et</span> <span class='ocrx_word' id='word_1_24' title='bbox 521 652 724 719; x_wconf 82' lang='lat' dir='ltr'>audientibus</span> <span class='ocrx_word' id='word_1_25' title='bbox 740 655 804 731; x_wconf 88' lang='lat' dir='ltr'>ait;</span> <span class='ocrx_word' id='word_1_26' title='bbox 830 665 852 696; x_wconf 79' lang='lat'>‘⁶</span> <span class='ocrx_word' id='word_1_27' title='bbox 866 655 933 720; x_wconf 92' lang='lat' dir='ltr'>Hic</span> <span class='ocrx_word' id='word_1_28' title='bbox 954 668 1003 719; x_wconf 84' lang='lat' dir='ltr'>est</span> <span class='ocrx_word' id='word_1_29' title='bbox 1017 679 1108 721; x_wconf 90' lang='lat' dir='ltr'>meus</span> <span class='ocrx_word' id='word_1_30' title='bbox 1123 657 1221 738; x_wconf 90' lang='lat' dir='ltr'>filius,</span> <span class='ocrx_word' id='word_1_31' title='bbox 1237 660 1284 747; x_wconf 90' lang='lat' dir='ltr'>qui</span> 
     </span>
     <span class='ocr_line' id='line_1_5' title="bbox 140 741 1285 828; baseline 0.004 -22"><span class='ocrx_word' id='word_1_32' title='bbox 140 742 210 828; x_wconf 86' lang='lat' dir='ltr'>jam</span> <span class='ocrx_word' id='word_1_33' title='bbox 225 742 349 806; x_wconf 91' lang='lat' dir='ltr'>duobus</span> <span class='ocrx_word' id='word_1_34' title='bbox 361 741 449 807; x_wconf 92' lang='lat' dir='ltr'>aunis</span> <span class='ocrx_word' id='word_1_35' title='bbox 462 742 626 806; x_wconf 78' lang='lat' dir='ltr'><strong>transactis</strong></span> <span class='ocrx_word' id='word_1_36' title='bbox 639 741 722 807; x_wconf 90' lang='lat' dir='ltr'>adeo</span> <span class='ocrx_word' id='word_1_37' title='bbox 731 742 857 822; x_wconf 91' lang='lat' dir='ltr'>cecidit,</span> <span class='ocrx_word' id='word_1_38' title='bbox 872 756 908 807; x_wconf 94' lang='lat' dir='ltr'>ut</span> <span class='ocrx_word' id='word_1_39' title='bbox 923 743 1038 808; x_wconf 81' lang='lat' dir='ltr'><strong>collisis</strong></span> <span class='ocrx_word' id='word_1_40' title='bbox 1050 745 1198 810; x_wconf 87' lang='lat' dir='ltr'>menbris</span> <span class='ocrx_word' id='word_1_41' title='bbox 1212 770 1285 811; x_wconf 91' lang='lat' dir='ltr'>nnn-</span> 
     </span>
     <span class='ocr_line' id='line_1_6' title="bbox 145 829 1286 917; baseline 0.006 -24"><span class='ocrx_word' id='word_1_42' title='bbox 145 852 242 917; x_wconf 88' lang='lat' dir='ltr'>quam</span> <span class='ocrx_word' id='word_1_43' title='bbox 263 843 376 916; x_wconf 90' lang='lat' dir='ltr'>postea</span> <span class='ocrx_word' id='word_1_44' title='bbox 390 830 440 895; x_wconf 82' lang='lat' dir='ltr'>vel</span> <span class='ocrx_word' id='word_1_45' title='bbox 464 841 548 894; x_wconf 86' lang='lat' dir='ltr'>stare</span> <span class='ocrx_word' id='word_1_46' title='bbox 564 829 613 893; x_wconf 90' lang='lat' dir='ltr'>vel</span> <span class='ocrx_word' id='word_1_47' title='bbox 637 830 783 895; x_wconf 87' lang='lat' dir='ltr'>incedere</span> <span class='ocrx_word' id='word_1_48' title='bbox 806 844 925 916; x_wconf 91' lang='lat' dir='ltr'>posset.</span> <span class='ocrx_word' id='word_1_49' title='bbox 973 831 1070 897; x_wconf 88' lang='lat' dir='ltr'>Hunc</span> <span class='ocrx_word' id='word_1_50' title='bbox 1085 834 1186 898; x_wconf 70' lang='lat' dir='ltr'>causa</span> <span class='ocrx_word' id='word_1_51' title='bbox 1200 857 1286 900; x_wconf 92' lang='lat' dir='ltr'>recu·</span> 
     </span>
     <span class='ocr_line' id='line_1_7' title="bbox 144 917 1330 1005; baseline 0.005 -23"><span class='ocrx_word' id='word_1_52' title='bbox 144 918 297 1002; x_wconf 81' lang='lat' dir='ltr'>parandae</span> <span class='ocrx_word' id='word_1_53' title='bbox 320 917 429 982; x_wconf 89' lang='lat' dir='ltr'>salutis</span> <span class='ocrx_word' id='word_1_54' title='bbox 453 917 515 981; x_wconf 92' lang='lat' dir='ltr'>huc</span> <span class='ocrx_word' id='word_1_55' title='bbox 542 917 654 994; x_wconf 90' lang='lat' dir='ltr'>detuli,</span> <span class='ocrx_word' id='word_1_56' title='bbox 679 941 817 1005; x_wconf 88' lang='lat' dir='ltr'>eumque</span> <span class='ocrx_word' id='word_1_57' title='bbox 844 918 920 984; x_wconf 86' lang='lat' dir='ltr'>Deo</span> <span class='ocrx_word' id='word_1_58' title='bbox 944 931 977 983; x_wconf 87' lang='lat' dir='ltr'>et</span> <span class='ocrx_word' id='word_1_59' title='bbox 1008 920 1128 986; x_wconf 89' lang='lat' dir='ltr'>Sancto</span> <span class='ocrx_word' id='word_1_60' title='bbox 1159 922 1286 988; x_wconf 87' lang='lat' dir='ltr'>Oswino</span> <span class='ocrx_word' id='word_1_61' title='bbox 1327 928 1330 1001; x_wconf 78' lang='lat' dir='ltr'>l</span> 
     </span>
     <span class='ocr_line' id='line_1_8' title="bbox 145 1005 1286 1084; baseline 0.006 -15"><span class='ocrx_word' id='word_1_62' title='bbox 145 1006 364 1071; x_wconf 88' lang='lat' dir='ltr'>commendo.&#39;’</span> <span class='ocrx_word' id='word_1_63' title='bbox 413 1005 465 1069; x_wconf 89' lang='lat' dir='ltr'>Sic</span> <span class='ocrx_word' id='word_1_64' title='bbox 487 1005 583 1082; x_wconf 89' lang='lat' dir='ltr'>fatus,</span> <span class='ocrx_word' id='word_1_65' title='bbox 607 1005 752 1071; x_wconf 91' lang='lat' dir='ltr'>oratione</span> <span class='ocrx_word' id='word_1_66' title='bbox 774 1005 859 1071; x_wconf 69' lang='lat' dir='ltr'>facta</span> <span class='ocrx_word' id='word_1_67' title='bbox 887 1006 1051 1084; x_wconf 74' lang='lat' dir='ltr'>discessit3</span> <span class='ocrx_word' id='word_1_68' title='bbox 1082 1008 1202 1074; x_wconf 92' lang='lat' dir='ltr'>relicto</span> <span class='ocrx_word' id='word_1_69' title='bbox 1223 1011 1286 1076; x_wconf 88' lang='lat' dir='ltr'>filio</span> 
     </span>
     <span class='ocr_line' id='line_1_9' title="bbox 146 1092 1285 1181; baseline 0.005 -23"><span class='ocrx_word' id='word_1_70' title='bbox 146 1109 222 1159; x_wconf 91' lang='lat' dir='ltr'>ante</span> <span class='ocrx_word' id='word_1_71' title='bbox 237 1093 438 1180; x_wconf 82' lang='lat' dir='ltr'>sepulchrum</span> <span class='ocrx_word' id='word_1_72' title='bbox 459 1092 567 1157; x_wconf 88' lang='lat' dir='ltr'>Sancti</span> <span class='ocrx_word' id='word_1_73' title='bbox 585 1092 750 1179; x_wconf 89' lang='lat' dir='ltr'>Martyris.</span> <span class='ocrx_word' id='word_1_74' title='bbox 798 1095 841 1158; x_wconf 89' lang='lat' dir='ltr'>Et</span> <span class='ocrx_word' id='word_1_75' title='bbox 855 1095 924 1180; x_wconf 89' lang='lat' dir='ltr'>jam</span> <span class='ocrx_word' id='word_1_76' title='bbox 939 1095 1019 1159; x_wconf 91' lang='lat' dir='ltr'>hora</span> <span class='ocrx_word' id='word_1_77' title='bbox 1032 1097 1220 1181; x_wconf 89' lang='lat' dir='ltr'>vespertina</span> <span class='ocrx_word' id='word_1_78' title='bbox 1234 1099 1285 1164; x_wconf 84' lang='lat' dir='ltr'>ad·</span> 
     </span>
     <span class='ocr_line' id='line_1_10' title="bbox 146 1180 1285 1267; baseline 0.004 -22"><span class='ocrx_word' id='word_1_79' title='bbox 146 1196 286 1262; x_wconf 85' lang='lat' dir='ltr'>venerat,</span> <span class='ocrx_word' id='word_1_80' title='bbox 304 1205 377 1246; x_wconf 94' lang='lat' dir='ltr'>cum</span> <span class='ocrx_word' id='word_1_81' title='bbox 399 1195 490 1267; x_wconf 92' lang='lat' dir='ltr'>pater</span> <span class='ocrx_word' id='word_1_82' title='bbox 508 1180 662 1246; x_wconf 91' lang='lat' dir='ltr'>sollicitus</span> <span class='ocrx_word' id='word_1_83' title='bbox 677 1181 718 1245; x_wconf 92' lang='lat' dir='ltr'>de</span> <span class='ocrx_word' id='word_1_84' title='bbox 733 1181 800 1246; x_wconf 89' lang='lat' dir='ltr'>filio</span> <span class='ocrx_word' id='word_1_85' title='bbox 822 1183 864 1246; x_wconf 93' lang='lat' dir='ltr'>ad</span> <span class='ocrx_word' id='word_1_86' title='bbox 887 1182 1054 1247; x_wconf 88' lang='lat' dir='ltr'>ecclesiam</span> <span class='ocrx_word' id='word_1_87' title='bbox 1072 1183 1184 1264; x_wconf 89' lang='lat' dir='ltr'>rediit,</span> <span class='ocrx_word' id='word_1_88' title='bbox 1202 1207 1285 1251; x_wconf 89' lang='lat' dir='ltr'>eum·</span> 
     </span>
     <span class='ocr_line' id='line_1_11' title="bbox 145 1268 1283 1358; baseline 0.004 -23"><span class='ocrx_word' id='word_1_89' title='bbox 145 1293 210 1358; x_wconf 91' lang='lat' dir='ltr'>que</span> <span class='ocrx_word' id='word_1_90' title='bbox 222 1271 433 1335; x_wconf 87' lang='lat' dir='ltr'>dormientem</span> <span class='ocrx_word' id='word_1_91' title='bbox 444 1268 595 1355; x_wconf 89' lang='lat' dir='ltr'>repperit.</span> <span class='ocrx_word' id='word_1_92' title='bbox 630 1270 695 1334; x_wconf 86' lang='lat' dir='ltr'>Sed</span> <span class='ocrx_word' id='word_1_93' title='bbox 703 1270 809 1334; x_wconf 91' lang='lat' dir='ltr'>subito</span> <span class='ocrx_word' id='word_1_94' title='bbox 821 1270 974 1355; x_wconf 84' lang='lat' dir='ltr'>evigilans</span> <span class='ocrx_word' id='word_1_95' title='bbox 986 1273 1084 1356; x_wconf 92' lang='lat' dir='ltr'>coepit</span> <span class='ocrx_word' id='word_1_96' title='bbox 1099 1273 1283 1357; x_wconf 84' lang='lat' dir='ltr'>pallescere,</span> 
     </span>
     <span class='ocr_line' id='line_1_12' title="bbox 148 1357 1286 1444; baseline 0.003 -21"><span class='ocrx_word' id='word_1_97' title='bbox 148 1377 294 1438; x_wconf 89' lang='lat' dir='ltr'>tremere,</span> <span class='ocrx_word' id='word_1_98' title='bbox 312 1372 344 1424; x_wconf 90' lang='lat' dir='ltr'>et</span> <span class='ocrx_word' id='word_1_99' title='bbox 359 1358 404 1423; x_wconf 93' lang='lat' dir='ltr'>ita</span> <span class='ocrx_word' id='word_1_100' title='bbox 426 1357 520 1422; x_wconf 74' lang='lat' dir='ltr'>auxie</span> <span class='ocrx_word' id='word_1_101' title='bbox 534 1357 623 1436; x_wconf 90' lang='lat' dir='ltr'>flere,</span> <span class='ocrx_word' id='word_1_102' title='bbox 640 1379 677 1421; x_wconf 91' lang='lat' dir='ltr'>ac</span> <span class='ocrx_word' id='word_1_103' title='bbox 700 1358 726 1420; x_wconf 90' lang='lat' dir='ltr'>si</span> <span class='ocrx_word' id='word_1_104' title='bbox 748 1358 940 1442; x_wconf 84' lang='lat' dir='ltr'>gravissimis</span> <span class='ocrx_word' id='word_1_105' title='bbox 962 1374 1132 1444; x_wconf 86' lang='lat' dir='ltr'>urgeretur</span> <span class='ocrx_word' id='word_1_106' title='bbox 1147 1362 1286 1426; x_wconf 88' lang='lat' dir='ltr'>verberi·</span> 
     </span>
     <span class='ocr_line' id='line_1_13' title="bbox 145 1445 1282 1534; baseline 0.003 -23"><span class='ocrx_word' id='word_1_107' title='bbox 145 1448 218 1511; x_wconf 90' lang='lat' dir='ltr'>bus.</span> <span class='ocrx_word' id='word_1_108' title='bbox 267 1447 330 1521; x_wconf 84' lang='lat' dir='ltr'>Qui</span> <span class='ocrx_word' id='word_1_109' title='bbox 343 1469 420 1510; x_wconf 90' lang='lat' dir='ltr'>vero</span> <span class='ocrx_word' id='word_1_110' title='bbox 435 1447 592 1523; x_wconf 88' lang='lat' dir='ltr'>astabant,</span> <span class='ocrx_word' id='word_1_111' title='bbox 609 1459 759 1532; x_wconf 90' lang='lat' dir='ltr'>putantes</span> <span class='ocrx_word' id='word_1_112' title='bbox 774 1445 807 1510; x_wconf 90' lang='lat' dir='ltr'>id</span> <span class='ocrx_word' id='word_1_113' title='bbox 822 1446 892 1510; x_wconf 91' lang='lat' dir='ltr'>fieri</span> <span class='ocrx_word' id='word_1_114' title='bbox 907 1469 966 1532; x_wconf 90' lang='lat' dir='ltr'>pro</span> <span class='ocrx_word' id='word_1_115' title='bbox 981 1448 1152 1532; x_wconf 68' lang='lat' dir='ltr'>praesentia</span> <span class='ocrx_word' id='word_1_116' title='bbox 1176 1450 1282 1534; x_wconf 87' lang='lat' dir='ltr'>patris,</span> 
     </span>
     <span class='ocr_line' id='line_1_14' title="bbox 147 1533 1283 1618; baseline 0.003 -21"><span class='ocrx_word' id='word_1_117' title='bbox 147 1535 303 1618; x_wconf 85' lang='lat' dir='ltr'>rogabant</span> <span class='ocrx_word' id='word_1_118' title='bbox 318 1534 406 1597; x_wconf 92' lang='lat' dir='ltr'>illum</span> <span class='ocrx_word' id='word_1_119' title='bbox 425 1555 597 1618; x_wconf 85' lang='lat' dir='ltr'>parumper</span> <span class='ocrx_word' id='word_1_120' title='bbox 611 1533 771 1598; x_wconf 89' lang='lat' dir='ltr'>secedere.</span> <span class='ocrx_word' id='word_1_121' title='bbox 821 1534 887 1599; x_wconf 90' lang='lat' dir='ltr'>Sed</span> <span class='ocrx_word' id='word_1_122' title='bbox 901 1556 974 1598; x_wconf 93' lang='lat' dir='ltr'>cum</span> <span class='ocrx_word' id='word_1_123' title='bbox 989 1557 1049 1599; x_wconf 91' lang='lat' dir='ltr'>nec</span> <span class='ocrx_word' id='word_1_124' title='bbox 1064 1535 1109 1600; x_wconf 92' lang='lat' dir='ltr'>sic</span> <span class='ocrx_word' id='word_1_125' title='bbox 1125 1535 1283 1602; x_wconf 73' lang='lat' dir='ltr'>afletibus</span> 
     </span>
     <span class='ocr_line' id='line_1_15' title="bbox 145 1620 1285 1710; baseline 0.004 -25"><span class='ocrx_word' id='word_1_126' title='bbox 145 1620 324 1708; x_wconf 87' lang='lat' dir='ltr'>quiesceret</span> <span class='ocrx_word' id='word_1_127' title='bbox 353 1643 442 1706; x_wconf 91' lang='lat' dir='ltr'>puer,</span> <span class='ocrx_word' id='word_1_128' title='bbox 474 1620 603 1707; x_wconf 93' lang='lat' dir='ltr'>quidam</span> <span class='ocrx_word' id='word_1_129' title='bbox 632 1644 675 1685; x_wconf 90' lang='lat' dir='ltr'>ex</span> <span class='ocrx_word' id='word_1_130' title='bbox 704 1621 852 1685; x_wconf 86' lang='lat' dir='ltr'>fratribus</span> <span class='ocrx_word' id='word_1_131' title='bbox 878 1621 1027 1686; x_wconf 89' lang='lat' dir='ltr'>visitandi</span> <span class='ocrx_word' id='word_1_132' title='bbox 1055 1622 1147 1687; x_wconf 94' lang='lat' dir='ltr'>illum</span> <span class='ocrx_word' id='word_1_133' title='bbox 1185 1625 1285 1710; x_wconf 69' lang='lat' dir='ltr'>gratia</span> 
     </span>
     <span class='ocr_line' id='line_1_16' title="bbox 145 1708 1284 1794; baseline 0.004 -21"><span class='ocrx_word' id='word_1_134' title='bbox 145 1710 276 1774; x_wconf 89' lang='lat' dir='ltr'>adeunt.</span> <span class='ocrx_word' id='word_1_135' title='bbox 326 1708 472 1782; x_wconf 84' lang='lat' dir='ltr'>Quorum</span> <span class='ocrx_word' id='word_1_136' title='bbox 498 1730 578 1771; x_wconf 90' lang='lat' dir='ltr'>unus</span> <span class='ocrx_word' id='word_1_137' title='bbox 609 1731 676 1794; x_wconf 87' lang='lat' dir='ltr'>prae</span> <span class='ocrx_word' id='word_1_138' title='bbox 702 1708 826 1773; x_wconf 87' lang='lat' dir='ltr'>caeteris</span> <span class='ocrx_word' id='word_1_139' title='bbox 854 1708 1070 1774; x_wconf 66' lang='lat' dir='ltr'>misericordia</span> <span class='ocrx_word' id='word_1_140' title='bbox 1096 1725 1217 1791; x_wconf 93' lang='lat' dir='ltr'>motus,</span> <span class='ocrx_word' id='word_1_141' title='bbox 1243 1713 1284 1777; x_wconf 95' lang='lat' dir='ltr'>illi</span> 
     </span>
     <span class='ocr_line' id='line_1_17' title="bbox 146 1796 1284 1885; baseline 0.002 -22"><span class='ocrx_word' id='word_1_142' title='bbox 146 1798 310 1875; x_wconf 86' lang='lat' dir='ltr'>accedere,</span> <span class='ocrx_word' id='word_1_143' title='bbox 327 1796 406 1863; x_wconf 90' lang='lat' dir='ltr'>etei</span> <span class='ocrx_word' id='word_1_144' title='bbox 424 1819 521 1883; x_wconf 91' lang='lat' dir='ltr'>poma</span> <span class='ocrx_word' id='word_1_145' title='bbox 535 1819 607 1884; x_wconf 85' lang='lat' dir='ltr'>qnae</span> <span class='ocrx_word' id='word_1_146' title='bbox 630 1820 697 1882; x_wconf 85' lang='lat' dir='ltr'>prae</span> <span class='ocrx_word' id='word_1_147' title='bbox 712 1797 856 1861; x_wconf 90' lang='lat' dir='ltr'>manibus</span> <span class='ocrx_word' id='word_1_148' title='bbox 871 1798 1009 1863; x_wconf 89' lang='lat' dir='ltr'>habebat</span> <span class='ocrx_word' id='word_1_149' title='bbox 1025 1799 1102 1863; x_wconf 91' lang='lat' dir='ltr'>dare</span> <span class='ocrx_word' id='word_1_150' title='bbox 1118 1800 1284 1885; x_wconf 88' lang='lat' dir='ltr'>disposuit.</span> 
     </span>
     <span class='ocr_line' id='line_1_18' title="bbox 151 1884 1284 1972; baseline 0.002 -20"><span class='ocrx_word' id='word_1_151' title='bbox 151 1888 217 1953; x_wconf 88' lang='lat' dir='ltr'>Sed</span> <span class='ocrx_word' id='word_1_152' title='bbox 231 1886 410 1951; x_wconf 91' lang='lat' dir='ltr'>intimatum</span> <span class='ocrx_word' id='word_1_153' title='bbox 423 1900 475 1954; x_wconf 75' lang='lat' dir='ltr'>est</span> <span class='ocrx_word' id='word_1_154' title='bbox 490 1884 535 1948; x_wconf 94' lang='lat' dir='ltr'>illi</span> <span class='ocrx_word' id='word_1_155' title='bbox 550 1908 590 1950; x_wconf 91' lang='lat' dir='ltr'>ne</span> <span class='ocrx_word' id='word_1_156' title='bbox 605 1885 638 1949; x_wconf 91' lang='lat' dir='ltr'>id</span> <span class='ocrx_word' id='word_1_157' title='bbox 657 1885 787 1963; x_wconf 88' lang='lat' dir='ltr'>faceret,</span> <span class='ocrx_word' id='word_1_158' title='bbox 805 1909 845 1950; x_wconf 91' lang='lat' dir='ltr'>eo</span> <span class='ocrx_word' id='word_1_159' title='bbox 884 1886 948 1949; x_wconf 92' lang='lat' dir='ltr'>uod</span> <span class='ocrx_word' id='word_1_160' title='bbox 962 1909 1042 1971; x_wconf 90' lang='lat' dir='ltr'>puer</span> <span class='ocrx_word' id='word_1_161' title='bbox 1057 1886 1091 1950; x_wconf 91' lang='lat' dir='ltr'>iu</span> <span class='ocrx_word' id='word_1_162' title='bbox 1106 1889 1225 1972; x_wconf 71' lang='lat' dir='ltr'>agonia</span> <span class='ocrx_word' id='word_1_163' title='bbox 1239 1912 1284 1954; x_wconf 86' lang='lat' dir='ltr'>es-</span> 
     </span>
     <span class='ocr_line' id='line_1_19' title="bbox 146 1909 1287 2060; baseline 0.003 -21"><span class='ocrx_word' id='word_1_164' title='bbox 146 1990 207 2055; x_wconf 90' lang='lat' dir='ltr'>set,</span> <span class='ocrx_word' id='word_1_165' title='bbox 224 1988 258 2040; x_wconf 91' lang='lat' dir='ltr'>et</span> <span class='ocrx_word' id='word_1_166' title='bbox 281 1974 443 2060; x_wconf 88' lang='lat' dir='ltr'>proximus</span> <span class='ocrx_word' id='word_1_167' title='bbox 459 1973 596 2039; x_wconf 89' lang='lat' dir='ltr'>sanitati.</span> <span class='ocrx_word' id='word_1_168' title='bbox 643 1973 713 2038; x_wconf 91' lang='lat' dir='ltr'>Nec</span> <span class='ocrx_word' id='word_1_169' title='bbox 729 1996 828 2038; x_wconf 89' lang='lat' dir='ltr'>mora.</span> <span class='ocrx_word' id='word_1_170' title='bbox 860 1909 1023 2038; x_wconf 58' lang='lat' dir='ltr'>(llecdum</span> <span class='ocrx_word' id='word_1_171' title='bbox 1047 1976 1138 2059; x_wconf 88' lang='lat' dir='ltr'>pueri</span> <span class='ocrx_word' id='word_1_172' title='bbox 1157 1976 1287 2042; x_wconf 63' lang='lat' dir='ltr'>faciest</span> 
     </span>
     <span class='ocr_line' id='line_1_20' title="bbox 147 2061 1286 2165; baseline -0.002 -37"><span class='ocrx_word' id='word_1_173' title='bbox 147 2063 282 2128; x_wconf 89' lang='lat' dir='ltr'>lacrimis</span> <span class='ocrx_word' id='word_1_174' title='bbox 298 2063 444 2127; x_wconf 85' lang='lat' dir='ltr'>exiccata</span> <span class='ocrx_word' id='word_1_175' title='bbox 461 2062 577 2140; x_wconf 84' lang='lat' dir='ltr'>fuerat,</span> <span class='ocrx_word' id='word_1_176' title='bbox 595 2085 666 2126; x_wconf 93' lang='lat' dir='ltr'>cum</span> <span class='ocrx_word' id='word_1_177' title='bbox 686 2063 817 2147; x_wconf 76' lang='lat' dir='ltr'>repente</span> <span class='ocrx_word' id='word_1_178' title='bbox 836 2061 867 2124; x_wconf 91' lang='lat' dir='ltr'>in</span> <span class='ocrx_word' id='word_1_179' title='bbox 887 2075 1058 2146; x_wconf 89' lang='lat' dir='ltr'>conspectu</span> <span class='ocrx_word' id='word_1_180' title='bbox 1073 2063 1220 2128; x_wconf 92' lang='lat' dir='ltr'>omnium</span> <span class='ocrx_word' id='word_1_181' title='bbox 1235 2064 1286 2165; x_wconf 93' lang='lat' dir='ltr'>qui</span> 
     </span>
     <span class='ocr_line' id='line_1_21' title="bbox 145 2149 1287 2237; baseline 0 -21"><span class='ocrx_word' id='word_1_182' title='bbox 145 2151 357 2229; x_wconf 88' lang='lat' dir='ltr'>aderant,huc</span> <span class='ocrx_word' id='word_1_183' title='bbox 369 2151 506 2236; x_wconf 90' lang='lat' dir='ltr'>illucque</span> <span class='ocrx_word' id='word_1_184' title='bbox 518 2149 551 2213; x_wconf 91' lang='lat' dir='ltr'>iu</span> <span class='ocrx_word' id='word_1_185' title='bbox 561 2151 687 2214; x_wconf 88' lang='lat' dir='ltr'>offensis</span> <span class='ocrx_word' id='word_1_186' title='bbox 698 2150 854 2234; x_wconf 86' lang='lat' dir='ltr'>gressibus</span> <span class='ocrx_word' id='word_1_187' title='bbox 864 2149 1040 2214; x_wconf 87' lang='lat' dir='ltr'>discurrere</span> <span class='ocrx_word' id='word_1_188' title='bbox 1052 2150 1287 2237; x_wconf 89' lang='lat' dir='ltr'>coepit,puer1s-</span> 
     </span>
    </p>

    <p class='ocr_par' dir='ltr' id='par_1_3' title="bbox 89 2234 1288 2767">
     <span class='ocr_line' id='line_1_22' title="bbox 89 2234 1286 2327; baseline 0.001 -25"><span class='ocrx_word' id='word_1_189' title='bbox 89 2234 90 2238; x_wconf 29' lang='lat'>¹</span> <span class='ocrx_word' id='word_1_190' title='bbox 145 2262 209 2327; x_wconf 92' lang='lat' dir='ltr'>que</span> <span class='ocrx_word' id='word_1_191' title='bbox 224 2238 278 2326; x_wconf 93' lang='lat' dir='ltr'>qui</span> <span class='ocrx_word' id='word_1_192' title='bbox 294 2238 437 2313; x_wconf 88' lang='lat' dir='ltr'>aderant,</span> <span class='ocrx_word' id='word_1_193' title='bbox 451 2237 593 2300; x_wconf 92' lang='lat' dir='ltr'>ludendo</span> <span class='ocrx_word' id='word_1_194' title='bbox 608 2260 642 2301; x_wconf 91' lang='lat' dir='ltr'>se</span> <span class='ocrx_word' id='word_1_195' title='bbox 657 2237 792 2301; x_wconf 90' lang='lat' dir='ltr'>miscuit.</span> <span class='ocrx_word' id='word_1_196' title='bbox 840 2237 934 2301; x_wconf 89' lang='lat' dir='ltr'>Tunc</span> <span class='ocrx_word' id='word_1_197' title='bbox 950 2236 1102 2322; x_wconf 92' lang='lat' dir='ltr'>temporis</span> <span class='ocrx_word' id='word_1_198' title='bbox 1113 2241 1286 2323; x_wconf 85' lang='lat' dir='ltr'>praedictus</span> 
     </span>
     <span class='ocr_line' id='line_1_23' title="bbox 145 2323 1287 2412; baseline 0.002 -22"><span class='ocrx_word' id='word_1_199' title='bbox 145 2326 242 2412; x_wconf 91' lang='lat' dir='ltr'>ipsius</span> <span class='ocrx_word' id='word_1_200' title='bbox 258 2325 319 2389; x_wconf 88' lang='lat' dir='ltr'>loci</span> <span class='ocrx_word' id='word_1_201' title='bbox 331 2324 416 2409; x_wconf 91' lang='lat' dir='ltr'>prior</span> <span class='ocrx_word' id='word_1_202' title='bbox 434 2324 592 2401; x_wconf 89' lang='lat' dir='ltr'>Herveus,</span> <span class='ocrx_word' id='word_1_203' title='bbox 603 2346 670 2408; x_wconf 87' lang='lat' dir='ltr'>prae</span> <span class='ocrx_word' id='word_1_204' title='bbox 683 2323 866 2389; x_wconf 89' lang='lat' dir='ltr'>infirmitate</span> <span class='ocrx_word' id='word_1_205' title='bbox 878 2325 963 2390; x_wconf 92' lang='lat' dir='ltr'>lecto</span> <span class='ocrx_word' id='word_1_206' title='bbox 979 2325 1196 2392; x_wconf 88' lang='lat' dir='ltr'>detinebatur.</span> <span class='ocrx_word' id='word_1_207' title='bbox 1225 2328 1287 2403; x_wconf 85' lang='lat' dir='ltr'>Qui</span> 
     </span>
     <span class='ocr_line' id='line_1_24' title="bbox 145 2410 1287 2501; baseline 0.003 -23"><span class='ocrx_word' id='word_1_208' title='bbox 145 2413 256 2478; x_wconf 73' lang='lat' dir='ltr'>audita</span> <span class='ocrx_word' id='word_1_209' title='bbox 265 2412 406 2477; x_wconf 89' lang='lat' dir='ltr'>novitate</span> <span class='ocrx_word' id='word_1_210' title='bbox 422 2410 573 2489; x_wconf 84' lang='lat' dir='ltr'>miraculi,</span> <span class='ocrx_word' id='word_1_211' title='bbox 591 2423 724 2495; x_wconf 91' lang='lat' dir='ltr'>puerum</span> <span class='ocrx_word' id='word_1_212' title='bbox 740 2412 799 2476; x_wconf 92' lang='lat' dir='ltr'>sibi</span> <span class='ocrx_word' id='word_1_213' title='bbox 816 2413 932 2478; x_wconf 88' lang='lat' dir='ltr'>adduci</span> <span class='ocrx_word' id='word_1_214' title='bbox 943 2413 1048 2498; x_wconf 90' lang='lat' dir='ltr'>jussit,</span> <span class='ocrx_word' id='word_1_215' title='bbox 1062 2437 1157 2501; x_wconf 93' lang='lat' dir='ltr'>quem</span> <span class='ocrx_word' id='word_1_216' title='bbox 1175 2439 1287 2481; x_wconf 88' lang='lat' dir='ltr'>sanum</span> 
     </span>
     <span class='ocr_line' id='line_1_25' title="bbox 144 2498 1287 2590; baseline 0.002 -23"><span class='ocrx_word' id='word_1_217' title='bbox 144 2518 242 2590; x_wconf 91' lang='lat' dir='ltr'>atque</span> <span class='ocrx_word' id='word_1_218' title='bbox 254 2500 445 2565; x_wconf 88' lang='lat' dir='ltr'>incolumem</span> <span class='ocrx_word' id='word_1_219' title='bbox 456 2498 577 2577; x_wconf 85' lang='lat' dir='ltr'>videns,</span> <span class='ocrx_word' id='word_1_220' title='bbox 584 2499 689 2563; x_wconf 94' lang='lat' dir='ltr'>cibum</span> <span class='ocrx_word' id='word_1_221' title='bbox 700 2516 733 2564; x_wconf 91' lang='lat' dir='ltr'>et</span> <span class='ocrx_word' id='word_1_222' title='bbox 744 2514 858 2586; x_wconf 93' lang='lat' dir='ltr'>potum</span> <span class='ocrx_word' id='word_1_223' title='bbox 870 2501 916 2565; x_wconf 93' lang='lat' dir='ltr'>illi</span> <span class='ocrx_word' id='word_1_224' title='bbox 928 2501 1004 2565; x_wconf 89' lang='lat' dir='ltr'>dare</span> <span class='ocrx_word' id='word_1_225' title='bbox 1016 2501 1185 2588; x_wconf 88' lang='lat' dir='ltr'>praecepit.</span> <span class='ocrx_word' id='word_1_226' title='bbox 1204 2504 1287 2569; x_wconf 90' lang='lat' dir='ltr'>Gra-</span> 
     </span>
     <span class='ocr_line' id='line_1_26' title="bbox 145 2587 1288 2679; baseline 0.002 -24"><span class='ocrx_word' id='word_1_227' title='bbox 145 2591 268 2678; x_wconf 89' lang='lat' dir='ltr'>tiasqne</span> <span class='ocrx_word' id='word_1_228' title='bbox 280 2612 377 2679; x_wconf 85' lang='lat' dir='ltr'>agens</span> <span class='ocrx_word' id='word_1_229' title='bbox 391 2587 474 2666; x_wconf 93' lang='lat' dir='ltr'>Deo,</span> <span class='ocrx_word' id='word_1_230' title='bbox 487 2587 637 2653; x_wconf 88' lang='lat' dir='ltr'>fratribus</span> <span class='ocrx_word' id='word_1_231' title='bbox 648 2587 743 2674; x_wconf 88' lang='lat' dir='ltr'>jussit</span> <span class='ocrx_word' id='word_1_232' title='bbox 757 2590 801 2654; x_wconf 84' lang='lat' dir='ltr'>Te</span> <span class='ocrx_word' id='word_1_233' title='bbox 813 2593 915 2655; x_wconf 82' lang='lat' dir='ltr'>Deum</span> <span class='ocrx_word' id='word_1_234' title='bbox 926 2592 1090 2655; x_wconf 81' lang='lat' dir='ltr'>laudamus</span> <span class='ocrx_word' id='word_1_235' title='bbox 1101 2604 1244 2672; x_wconf 87' lang='lat' dir='ltr'>cantare,</span> <span class='ocrx_word' id='word_1_236' title='bbox 1256 2605 1288 2657; x_wconf 90' lang='lat' dir='ltr'>et</span> 
     </span>
     <span class='ocr_line' id='line_1_27' title="bbox 146 2678 520 2767; baseline -0.011 -22"><span class='ocrx_word' id='word_1_237' title='bbox 146 2702 316 2767; x_wconf 88' lang='lat' dir='ltr'>campanas</span> <span class='ocrx_word' id='word_1_238' title='bbox 331 2678 467 2765; x_wconf 90' lang='lat' dir='ltr'>pulsare.</span> <span class='ocrx_word' id='word_1_239' title='bbox 517 2684 520 2689; x_wconf 87' lang='grc'><strong>’</strong></span> 
     </span>
    </p>
   </div>
   <div class='ocr_carea' id='block_1_3' title="bbox 430 2906 1005 3022">
    <p class='ocr_par' dir='ltr' id='par_1_4' title="bbox 430 2906 1005 3022">
     <span class='ocr_line' id='line_1_28' title="bbox 430 2906 1005 3022; baseline -0.003 -16"><span class='ocrx_word' id='word_1_240' title='bbox 430 2906 531 3006; x_wconf 70' lang='lat' dir='ltr'>car.</span> <span class='ocrx_word' id='word_1_241' title='bbox 546 2939 783 3005; x_wconf 66' lang='lat' dir='ltr'>xxxa-ne</span> <span class='ocrx_word' id='word_1_242' title='bbox 792 2941 900 3022; x_wconf 71' lang='lat' dir='ltr'>paetus</span> <span class='ocrx_word' id='word_1_243' title='bbox 915 2944 1005 3004; x_wconf 68' lang='lat' dir='ltr'>caer.</span> 
     </span>
    </p>
   </div>
   <div class='ocr_carea' id='block_1_4' title="bbox 145 3112 1288 4172">
    <p class='ocr_par' dir='ltr' id='par_1_5' title="bbox 145 3112 1288 4172">
     <span class='ocr_line' id='line_1_29' title="bbox 192 3112 1285 3203; baseline 0.001 -20"><span class='ocrx_word' id='word_1_244' title='bbox 192 3120 351 3184; x_wconf 90' lang='lat' dir='ltr'>Intererat</span> <span class='ocrx_word' id='word_1_245' title='bbox 362 3113 457 3178; x_wconf 89' lang='lat' dir='ltr'>etiam</span> <span class='ocrx_word' id='word_1_246' title='bbox 470 3112 543 3177; x_wconf 92' lang='lat' dir='ltr'>huic</span> <span class='ocrx_word' id='word_1_247' title='bbox 551 3114 702 3197; x_wconf 85' lang='lat' dir='ltr'>jocundae</span> <span class='ocrx_word' id='word_1_248' title='bbox 711 3114 915 3193; x_wconf 86' lang='lat' dir='ltr'>solemnitati,</span> <span class='ocrx_word' id='word_1_249' title='bbox 930 3115 1036 3201; x_wconf 88' lang='lat' dir='ltr'>puella</span> <span class='ocrx_word' id='word_1_250' title='bbox 1047 3116 1196 3203; x_wconf 85' lang='lat' dir='ltr'>quaedam</span> <span class='ocrx_word' id='word_1_251' title='bbox 1212 3117 1285 3184; x_wconf 86' lang='lat' dir='ltr'>Ma·</span> 
     </span>
     <span class='ocr_line' id='line_1_30' title="bbox 149 3200 1286 3286; baseline 0 -15"><span class='ocrx_word' id='word_1_252' title='bbox 149 3206 235 3272; x_wconf 88' lang='lat' dir='ltr'>tildis</span> <span class='ocrx_word' id='word_1_253' title='bbox 260 3203 399 3281; x_wconf 92' lang='lat' dir='ltr'>nomine,</span> <span class='ocrx_word' id='word_1_254' title='bbox 428 3203 469 3265; x_wconf 93' lang='lat' dir='ltr'>de</span> <span class='ocrx_word' id='word_1_255' title='bbox 497 3200 662 3279; x_wconf 73' lang='lat' dir='ltr'>Sleveleirl,</span> <span class='ocrx_word' id='word_1_256' title='bbox 689 3224 761 3286; x_wconf 82' lang='lat' dir='ltr'>quae</span> <span class='ocrx_word' id='word_1_257' title='bbox 788 3203 828 3265; x_wconf 94' lang='lat' dir='ltr'>ab</span> <span class='ocrx_word' id='word_1_258' title='bbox 855 3201 988 3267; x_wconf 70' lang='lat' dir='ltr'>infantia</span> <span class='ocrx_word' id='word_1_259' title='bbox 1009 3226 1096 3268; x_wconf 86' lang='lat' dir='ltr'>caeca</span> <span class='ocrx_word' id='word_1_260' title='bbox 1124 3205 1286 3271; x_wconf 85' lang='lat' dir='ltr'>extiterat.</span> 
     </span>
     <span class='ocr_line' id='line_1_31' title="bbox 151 3288 1287 3380; baseline -0.001 -21"><span class='ocrx_word' id='word_1_261' title='bbox 151 3296 244 3359; x_wconf 90' lang='lat' dir='ltr'>Hanc</span> <span class='ocrx_word' id='word_1_262' title='bbox 259 3305 360 3356; x_wconf 90' lang='lat' dir='ltr'>mater</span> <span class='ocrx_word' id='word_1_263' title='bbox 374 3291 416 3354; x_wconf 92' lang='lat' dir='ltr'>ad</span> <span class='ocrx_word' id='word_1_264' title='bbox 427 3291 571 3354; x_wconf 90' lang='lat' dir='ltr'>tumbam</span> <span class='ocrx_word' id='word_1_265' title='bbox 584 3288 698 3357; x_wconf 89' lang='lat' dir='ltr'>Sancti</span> <span class='ocrx_word' id='word_1_266' title='bbox 716 3288 870 3376; x_wconf 85' lang='lat' dir='ltr'>Martyris</span> <span class='ocrx_word' id='word_1_267' title='bbox 886 3291 1076 3370; x_wconf 89' lang='lat' dir='ltr'>adduxerat,</span> <span class='ocrx_word' id='word_1_268' title='bbox 1090 3315 1226 3380; x_wconf 89' lang='lat' dir='ltr'>eamque</span> <span class='ocrx_word' id='word_1_269' title='bbox 1242 3294 1287 3358; x_wconf 92' lang='lat' dir='ltr'>ibi</span> 
     </span>
     <span class='ocr_line' id='line_1_32' title="bbox 146 3377 1286 3463; baseline 0 -17"><span class='ocrx_word' id='word_1_270' title='bbox 146 3382 291 3447; x_wconf 89' lang='lat' dir='ltr'>relictam</span> <span class='ocrx_word' id='word_1_271' title='bbox 320 3380 361 3444; x_wconf 90' lang='lat' dir='ltr'>ad</span> <span class='ocrx_word' id='word_1_272' title='bbox 390 3379 519 3444; x_wconf 87' lang='lat' dir='ltr'>domurn</span> <span class='ocrx_word' id='word_1_273' title='bbox 550 3377 710 3463; x_wconf 91' lang='lat' dir='ltr'>propriam</span> <span class='ocrx_word' id='word_1_274' title='bbox 735 3377 884 3443; x_wconf 89' lang='lat' dir='ltr'>redierat.</span> <span class='ocrx_word' id='word_1_275' title='bbox 932 3379 1032 3444; x_wconf 88' lang='lat' dir='ltr'>Erant</span> <span class='ocrx_word' id='word_1_276' title='bbox 1063 3393 1172 3444; x_wconf 90' lang='lat' dir='ltr'>autem</span> <span class='ocrx_word' id='word_1_277' title='bbox 1202 3381 1286 3446; x_wconf 91' lang='lat' dir='ltr'>oculi</span> 
     </span>
     <span class='ocr_line' id='line_1_33' title="bbox 147 3465 1287 3556; baseline -0.002 -22"><span class='ocrx_word' id='word_1_278' title='bbox 147 3470 264 3556; x_wconf 86' lang='lat' dir='ltr'>puellae</span> <span class='ocrx_word' id='word_1_279' title='bbox 280 3467 398 3553; x_wconf 85' lang='lat' dir='ltr'>turgidi</span> <span class='ocrx_word' id='word_1_280' title='bbox 411 3482 444 3532; x_wconf 90' lang='lat' dir='ltr'>et</span> <span class='ocrx_word' id='word_1_281' title='bbox 455 3467 608 3552; x_wconf 85' lang='lat' dir='ltr'>sanguine</span> <span class='ocrx_word' id='word_1_282' title='bbox 623 3465 752 3551; x_wconf 90' lang='lat' dir='ltr'>aspersi,</span> <span class='ocrx_word' id='word_1_283' title='bbox 770 3480 802 3531; x_wconf 92' lang='lat' dir='ltr'>et</span> <span class='ocrx_word' id='word_1_284' title='bbox 818 3466 899 3531; x_wconf 90' lang='lat' dir='ltr'>adeo</span> <span class='ocrx_word' id='word_1_285' title='bbox 914 3467 1074 3532; x_wconf 89' lang='lat' dir='ltr'>deformes</span> <span class='ocrx_word' id='word_1_286' title='bbox 1090 3481 1126 3531; x_wconf 93' lang='lat' dir='ltr'>ut</span> <span class='ocrx_word' id='word_1_287' title='bbox 1141 3467 1223 3533; x_wconf 92' lang='lat' dir='ltr'>sicut</span> <span class='ocrx_word' id='word_1_288' title='bbox 1239 3471 1287 3555; x_wconf 90' lang='lat' dir='ltr'>ip-</span> 
     </span>
     <span class='ocr_line' id='line_1_34' title="bbox 145 3554 1287 3643; baseline -0.001 -22"><span class='ocrx_word' id='word_1_289' title='bbox 145 3582 182 3623; x_wconf 91' lang='lat' dir='ltr'>sa</span> <span class='ocrx_word' id='word_1_290' title='bbox 204 3581 271 3643; x_wconf 89' lang='lat' dir='ltr'>prae</span> <span class='ocrx_word' id='word_1_291' title='bbox 298 3558 443 3621; x_wconf 86' lang='lat' dir='ltr'>caecitate</span> <span class='ocrx_word' id='word_1_292' title='bbox 465 3554 625 3620; x_wconf 90' lang='lat' dir='ltr'>neminem</span> <span class='ocrx_word' id='word_1_293' title='bbox 647 3554 756 3619; x_wconf 88' lang='lat' dir='ltr'>videre</span> <span class='ocrx_word' id='word_1_294' title='bbox 777 3567 915 3640; x_wconf 89' lang='lat' dir='ltr'>poterat,</span> <span class='ocrx_word' id='word_1_295' title='bbox 938 3555 982 3619; x_wconf 91' lang='lat' dir='ltr'>sic</span> <span class='ocrx_word' id='word_1_296' title='bbox 1009 3578 1079 3620; x_wconf 88' lang='lat' dir='ltr'>eam</span> <span class='ocrx_word' id='word_1_297' title='bbox 1103 3578 1196 3621; x_wconf 86' lang='lat' dir='ltr'>nemo</span> <span class='ocrx_word' id='word_1_298' title='bbox 1218 3580 1287 3643; x_wconf 84' lang='lat' dir='ltr'>prae</span> 
     </span>
     <span class='ocr_line' id='line_1_35' title="bbox 147 3643 1285 3728; baseline -0.003 -19"><span class='ocrx_word' id='word_1_299' title='bbox 147 3645 351 3711; x_wconf 86' lang='lat' dir='ltr'>deformitate</span> <span class='ocrx_word' id='word_1_300' title='bbox 367 3646 532 3710; x_wconf 89' lang='lat' dir='ltr'>oculorum</span> <span class='ocrx_word' id='word_1_301' title='bbox 550 3690 803 3708; x_wconf 90' lang='lat'>..................</span> <span class='ocrx_word' id='word_1_302' title='bbox 821 3643 934 3720; x_wconf 86' lang='lat' dir='ltr'>amisit,</span> <span class='ocrx_word' id='word_1_303' title='bbox 958 3656 992 3707; x_wconf 89' lang='lat' dir='ltr'>et</span> <span class='ocrx_word' id='word_1_304' title='bbox 1011 3643 1120 3707; x_wconf 92' lang='lat' dir='ltr'>lumen</span> <span class='ocrx_word' id='word_1_305' title='bbox 1144 3645 1285 3728; x_wconf 85' lang='lat' dir='ltr'>recepit3</span> 
     </span>
     <span class='ocr_line' id='line_1_36' title="bbox 147 3730 1286 3823; baseline -0.004 -25"><span class='ocrx_word' id='word_1_306' title='bbox 147 3735 244 3823; x_wconf 90' lang='lat' dir='ltr'>idque</span> <span class='ocrx_word' id='word_1_307' title='bbox 259 3735 378 3821; x_wconf 92' lang='lat' dir='ltr'>populo</span> <span class='ocrx_word' id='word_1_308' title='bbox 389 3733 444 3822; x_wconf 94' lang='lat' dir='ltr'>qui</span> <span class='ocrx_word' id='word_1_309' title='bbox 459 3734 571 3798; x_wconf 90' lang='lat' dir='ltr'>aderat</span> <span class='ocrx_word' id='word_1_310' title='bbox 586 3731 670 3796; x_wconf 68' lang='lat' dir='ltr'>clara</span> <span class='ocrx_word' id='word_1_311' title='bbox 679 3754 757 3795; x_wconf 91' lang='lat' dir='ltr'>voce</span> <span class='ocrx_word' id='word_1_312' title='bbox 769 3731 931 3808; x_wconf 88' lang='lat' dir='ltr'>indicavit,</span> <span class='ocrx_word' id='word_1_313' title='bbox 945 3745 1041 3817; x_wconf 89' lang='lat' dir='ltr'>atque</span> <span class='ocrx_word' id='word_1_314' title='bbox 1054 3730 1147 3795; x_wconf 90' lang='lat' dir='ltr'>certis</span> <span class='ocrx_word' id='word_1_315' title='bbox 1163 3731 1286 3796; x_wconf 88' lang='lat' dir='ltr'>indiciis</span> 
     </span>
     <span class='ocr_line' id='line_1_37' title="bbox 147 3817 1286 3907; baseline -0.004 -20"><span class='ocrx_word' id='word_1_316' title='bbox 147 3825 194 3889; x_wconf 91' lang='lat' dir='ltr'>rei</span> <span class='ocrx_word' id='word_1_317' title='bbox 213 3823 381 3889; x_wconf 87' lang='lat' dir='ltr'>veritatem</span> <span class='ocrx_word' id='word_1_318' title='bbox 403 3819 601 3907; x_wconf 89' lang='lat' dir='ltr'>approbavit.</span> <span class='ocrx_word' id='word_1_319' title='bbox 643 3818 817 3906; x_wconf 89' lang='lat' dir='ltr'>Postquam</span> <span class='ocrx_word' id='word_1_320' title='bbox 839 3831 1002 3903; x_wconf 89' lang='lat' dir='ltr'>receptam</span> <span class='ocrx_word' id='word_1_321' title='bbox 1025 3817 1210 3898; x_wconf 79' lang='lat' dir='ltr'>sanitatem„</span> <span class='ocrx_word' id='word_1_322' title='bbox 1229 3819 1286 3884; x_wconf 92' lang='lat' dir='ltr'>ali-</span> 
     </span>
     <span class='ocr_line' id='line_1_38' title="bbox 147 3906 1287 4000; baseline -0.004 -23"><span class='ocrx_word' id='word_1_323' title='bbox 147 3913 271 4000; x_wconf 91' lang='lat' dir='ltr'>quantis</span> <span class='ocrx_word' id='word_1_324' title='bbox 287 3912 398 3977; x_wconf 90' lang='lat' dir='ltr'>diebus</span> <span class='ocrx_word' id='word_1_325' title='bbox 422 3909 455 3972; x_wconf 93' lang='lat' dir='ltr'>in</span> <span class='ocrx_word' id='word_1_326' title='bbox 470 3907 556 3972; x_wconf 70' lang='lat' dir='ltr'>curia</span> <span class='ocrx_word' id='word_1_327' title='bbox 571 3906 697 3983; x_wconf 88' lang='lat' dir='ltr'>mansit,</span> <span class='ocrx_word' id='word_1_328' title='bbox 722 3906 831 3970; x_wconf 75' lang='lat' dir='ltr'>sedule</span> <span class='ocrx_word' id='word_1_329' title='bbox 847 3929 919 3992; x_wconf 83' lang='lat' dir='ltr'>quae</span> <span class='ocrx_word' id='word_1_330' title='bbox 950 3907 1009 3970; x_wconf 91' lang='lat' dir='ltr'>sibi</span> <span class='ocrx_word' id='word_1_331' title='bbox 1041 3908 1287 3995; x_wconf 87' lang='lat' dir='ltr'>injungebantur</span> 
     </span>
     <span class='ocr_line' id='line_1_39' title="bbox 147 3993 1288 4084; baseline -0.004 -18"><span class='ocrx_word' id='word_1_332' title='bbox 147 4001 336 4066; x_wconf 90' lang='lat' dir='ltr'>ministrans.</span> <span class='ocrx_word' id='word_1_333' title='bbox 383 3996 529 4062; x_wconf 86' lang='lat' dir='ltr'>Tandem</span> <span class='ocrx_word' id='word_1_334' title='bbox 548 4009 620 4078; x_wconf 91' lang='lat' dir='ltr'>post</span> <span class='ocrx_word' id='word_1_335' title='bbox 635 3993 758 4081; x_wconf 92' lang='lat' dir='ltr'>aliquos</span> <span class='ocrx_word' id='word_1_336' title='bbox 774 3994 840 4058; x_wconf 90' lang='lat' dir='ltr'>dies</span> <span class='ocrx_word' id='word_1_337' title='bbox 856 4007 1001 4073; x_wconf 88' lang='lat' dir='ltr'>matrem,</span> <span class='ocrx_word' id='word_1_338' title='bbox 1019 4010 1216 4084; x_wconf 89' lang='lat' dir='ltr'>caeterosque</span> <span class='ocrx_word' id='word_1_339' title='bbox 1232 4020 1288 4082; x_wconf 87' lang='lat' dir='ltr'>pa·</span> 
     </span>
     <span class='ocr_line' id='line_1_40' title="bbox 145 4082 1247 4172; baseline -0.006 -19"><span class='ocrx_word' id='word_1_340' title='bbox 145 4107 251 4156; x_wconf 87' lang='lat' dir='ltr'>rentes</span> <span class='ocrx_word' id='word_1_341' title='bbox 267 4088 356 4167; x_wconf 89' lang='lat' dir='ltr'>adiit,</span> <span class='ocrx_word' id='word_1_342' title='bbox 374 4108 491 4172; x_wconf 92' lang='lat' dir='ltr'>eosque</span> <span class='ocrx_word' id='word_1_343' title='bbox 507 4083 547 4147; x_wconf 94' lang='lat' dir='ltr'>de</span> <span class='ocrx_word' id='word_1_344' title='bbox 563 4085 619 4147; x_wconf 70' lang='lat' dir='ltr'>suli</span> <span class='ocrx_word' id='word_1_345' title='bbox 635 4082 770 4148; x_wconf 88' lang='lat' dir='ltr'>sanitate</span> <span class='ocrx_word' id='word_1_346' title='bbox 786 4082 878 4147; x_wconf 88' lang='lat' dir='ltr'>laetos</span> <span class='ocrx_word' id='word_1_347' title='bbox 893 4082 1043 4149; x_wconf 90' lang='lat' dir='ltr'>reddidit.</span> <span class='ocrx_word' id='word_1_348' title='bbox 1244 4090 1247 4095; x_wconf 89' lang='lat'>&#39;</span> 
     </span>
    </p>
   </div>
   <div class='ocr_carea' id='block_1_5' title="bbox 0 0 1453 5018">
    <p class='ocr_par' dir='ltr' id='par_1_6' title="bbox 0 0 1453 5018">
     <span class='ocr_line' id='line_1_41' title="bbox 0 0 1453 5018; baseline 0 0"><span class='ocrx_word' id='word_1_349' title='bbox 0 0 1453 5018; x_wconf 95' lang='lat' dir='ltr'> </span> 
     </span>
    </p>
   </div>
  </div>
 </body>
</html>
