2888 5018
519 401 755 455 curuanarr.
1136 394 1209 472 109

195 564 300 630 Curas
316 562 461 648 deponis,
478 576 512 630 et
527 576 627 632 temet
641 565 675 630 in
691 578 782 632 antra
796 567 936 654 reponis.

192 653 298 718 Farne
312 651 442 741 quidem
458 652 586 738 repetis,
603 654 776 740 sedemque
790 654 963 743 locumque
978 655 1105 745 quietis,

193 739 352 806 Omnibus
368 752 495 819 exutus,
515 753 549 806 ut
563 740 668 806 adires
683 742 803 807 aethera
818 755 918 808 tutus.

193 827 345 903 Quadam
359 828 443 893 forte
458 827 536 907 viee,
554 840 629 916 post
640 829 740 894 verba
754 828 865 895 salutis
880 832 1004 911 amicae,

191 915 247 980 Ad
261 915 397 981 fratrum
412 928 513 980 coetus
528 915 603 980 faris
617 916 761 980 ludendo
776 916 908 998 facetus,

193 1010 216 1043 “
234 1002 303 1068 Ista
317 1016 475 1091 coquatur
490 1025 583 1091 aqua,
600 1026 673 1092 quae
690 1003 834 1087 pendeus
851 1005 992 1073 cernitur
1006 1029 1109 1086 anea3

192 1098 214 1130 ‘¹
232 1089 368 1156 Coetam
384 1113 440 1155 vos
455 1090 553 1169 edite,
569 1103 643 1176 post
659 1114 751 1156 esum
766 1114 848 1157 nave
864 1092 1000 1159 redite.'’

192 1178 257 1243 Sed
268 1190 498 1263 postponentes
513 1201 627 1243 aucam
642 1178 790 1244 monachi
807 1181 1024 1261 comedentes,

192 1265 378 1330 Percellunt
393 1267 450 1330 irae
465 1266 558 1330 muris
574 1266 785 1352 impedientes
801 1267 899 1336 abire.

194 1351 293 1419 Saevit
307 1352 426 1440 ubique
441 1375 540 1432 mare,
557 1375 622 1418 non
639 1352 712 1417 sivit
727 1361 782 1418 eos
797 1376 962 1421 remeare:

190 1439 261 1504 Nec
276 1463 405 1505 causam
420 1439 547 1526 penitus
563 1454 740 1529 agnoscunt
755 1441 893 1506 criminis
907 1442 1012 1528 hujus.

192 1526 241 1593 Ut
257 1540 380 1614 septem
400 1527 543 1593 Phoebus
559 1530 748 1593 lustraverat
763 1529 866 1595 aethra
880 1528 1003 1607 diebus,

191 1613 255 1693 Tu,
272 1615 343 1700 pius
358 1614 640 1695 antistes‚relevas
655 1615 810 1681 solamine
825 1616 953 1682 tristes:

191 1702 245 1781 Et,
264 1710 286 1744 ‘⁴
297 1703 407 1790 quid‚'’
423 1704 479 1782 ais,
499 1712 521 1745 ‘⁶
535 1704 662 1781 mirum,
678 1705 704 1766 si
721 1703 811 1769 vobis
827 1716 876 1770 est
885 1727 975 1771 mare
990 1704 1121 1771 dirum?

191 1787 348 1854 Nostrum
359 1803 579 1876 contemptum
596 1813 681 1855 nunc
697 1791 838 1858 vindicat
852 1793 915 1857 hoc
930 1793 1143 1870 elementum3

190 1877 247 1940 Vis
261 1877 340 1944 furit
353 1878 479 1957 infesta,
493 1879 568 1965 quia
582 1901 646 1944 non
662 1892 712 1944 est
726 1902 807 1945 auca
821 1894 982 1946 comesta:

190 1963 343 2031 Parentes
360 1966 500 2045 tandem,
518 1967 641 2044 fratres,
658 1967 832 2032 comedatis
848 1968 1003 2044 eandem3

186 2051 234 2118 Ut
247 2054 393 2138 parendo
404 2053 504 2118 minas
520 2054 676 2141 superetis
692 2077 774 2119 nave
790 2056 960 2123 marinas.'’

192 2138 255 2204 Res
270 2141 403 2206 celebris
419 2142 515 2226 digne
532 2165 605 2207 cum
616 2144 685 2227 jam
699 2143 839 2207 ferveret
853 2143 894 2207 ab
909 2144 995 2228 igue,

189 2227 304 2294 Carnis
316 2245 448 2294 coctura
459 2228 625 2294 monacbis
641 2232 681 2294 sit
696 2243 732 2296 ut
746 2253 819 2295 esca
832 2230 951 2298 futura.

188 2313 259 2380 Nec
274 2339 366 2382 mora
380 2318 520 2382 fervores
534 2340 622 2383 mare
637 2317 753 2404 linquit
768 2331 802 2382 et
816 2317 903 2383 unda
918 2330 1078 2394 tumores3

188 2401 310 2469 Nubila
323 2417 498 2482 rarescunt,
515 2406 689 2492 sedataque
704 2406 806 2471 flabra
820 2406 1002 2493 quiescunt.

190 2489 275 2557 Nam
286 2515 350 2579 qua
365 2492 524 2557 mandasti
535 2494 602 2578 jam
617 2497 730 2559 fratres
746 2494 822 2559 alite
833 2494 927 2580 pasti,

191 2577 239 2643 Ut
254 2580 362 2645 videre
377 2580 495 2645 fretum
512 2581 618 2667 sopito
633 2604 796 2647 murmure
810 2581 933 2662 laetum,

192 2665 358 2732 Scandunt
373 2668 562 2747 naucellam,
578 2682 793 2757 repetuntque
808 2694 867 2756 per
882 2692 1005 2756 equora
1019 2669 1143 2734 cellam.

189 2753 325 2819 Factum
339 2755 502 2835 mirantes,
519 2769 551 2820 et
565 2757 599 2820 in
610 2758 667 2822 illo
683 2770 715 2822 te
731 2771 928 2835 venerantes,

189 2841 330 2908 Consors
346 2859 539 2924 sanctorum,
563 2843 614 2909 fae
630 2857 664 2909 ut
679 2856 832 2930 precepta
847 2867 1009 2911 sacrorum

190 2926 267 2994 Non
282 2931 462 3011 obliviscar,
477 2955 537 3018 per
551 2955 626 3020 quae
641 2933 738 2998 coelos
749 2932 915 3019 adipiscar.

145 3227 258 3308 [CAP.
274 3232 381 3298 XXX
383 3233 633 3316 VL]-Quunta
652 3245 772 3319 cyrotus
785 3245 998 3321 temptamenta
1007 3245 1115 3319 pertu-

266 3322 347 3401 lerit,
364 3325 476 3407 quidve
490 3327 601 3390 desua
615 3327 771 3407 sepultura
785 3329 988 3394 mundaverit.

189 3565 266 3632 Post
278 3571 422 3657 geminos
439 3594 565 3637 menses
581 3571 615 3636 in
631 3572 735 3638 morbi
751 3572 871 3638 decidis
887 3595 977 3637 enses
990 3595 999 3648 3

188 3654 293 3721 Carne
307 3658 362 3723 fati
387 3661 460 3737 aris,
485 3661 630 3746 coeloque
646 3661 757 3726 dolore
772 3659 914 3746 pararis:

191 3740 255 3807 Per
270 3756 334 3810 tres
351 3684 548 3812 ebdomadas
563 3748 663 3812 fessus
674 3749 830 3833 languore
845 3748 996 3826 cubabas,

191 3828 261 3895 Nec
277 3846 386 3898 tamen
402 3834 545 3899 oblatum
563 3836 621 3900 tibi
636 3835 682 3899 vis
698 3859 787 3924 aeger
799 3835 998 3901 famulatum.

188 3917 357 3984 Circumiit
376 3922 518 3987 Phoebus
528 3925 596 4008 jam
613 3925 729 3988 coelum
745 3922 885 4010 quinque
901 3924 1026 4005 diebus,

190 4004 261 4071 Nec
271 4006 371 4072 homo
387 4023 419 4074 te
435 4009 519 4087 visit,
537 4033 635 4097 quare
650 4033 710 4075 nec
725 4032 813 4074 mare
830 4007 928 4076 visere
943 4013 1037 4077 sivit:

192 4091 299 4159 Undis
314 4096 477 4175 horrebat,
494 4098 666 4185 flabrisque
683 4098 839 4163 tumendo
854 4099 991 4164 furebat.

189 4178 267 4247 Hac
279 4185 436 4249 certando
451 4208 551 4263 mora,
564 4187 776 4271 temptamina
790 4186 853 4251 fers
865 4186 1030 4271 graviora:

190 4267 330 4356 Serpens
345 4272 493 4359 antiquus
508 4273 606 4338 modo
622 4273 695 4359 plus
710 4272 769 4339 tibi
785 4275 872 4339 venit
883 4273 1009 4359 iniquus
1022 4294 1032 4348 3

188 4353 255 4426 Sed
270 4358 331 4428 tibi
346 4355 461 4432 victori
473 4360 603 4432 fuerant
616 4360 688 4434 haee
702 4360 788 4436 bella
803 4359 923 4432 deseri.
1003 4424 1007 4429 .
