2888 5018
158 304 205 369 la
600 314 695 370 vrrs
722 319 860 369 oswmr

152 479 297 545 evanuit.
342 479 514 566 lacuitqne
537 502 595 565 per
617 480 719 545 multa
741 501 897 544 annorum
913 479 1070 544 curricula
1084 479 1182 564 gleba
1205 481 1310 547 sancti

151 565 295 651 corporis
319 567 378 630 sub
402 566 568 652 abjectiori
590 568 710 652 cespite
732 567 899 644 tumulata,
920 581 954 632 et
976 567 1138 654 usquead
1158 583 1310 655 tempora

155 652 283 718 Thostii
302 653 436 718 Comitis
452 667 486 718 et
501 653 674 738 AEgelwini
689 653 834 739 proesulis
851 653 1017 731 Dunelmi,
1034 653 1167 718 incuriae
1182 656 1308 741 pariter

151 753 185 805 et
208 739 399 828 ignorantiae
422 740 584 824 neglectu,
602 740 709 805 debiti
726 741 933 805 veneratione
949 755 998 805 est
1014 740 1174 806 fraudata.
1225 743 1307 808 Erat

151 840 262 895 autem
287 827 440 891 Thostius
466 827 567 892 Ducis
594 828 719 893 Cantiae
746 827 896 891 Godwini
923 827 1020 904 filius,
1049 829 1168 893 Comes
1195 827 1307 895 Nord-

152 913 417 1000 thanymbrorum
433 915 587 1001 Sywardo
606 914 724 980 Comiti
736 914 921 992 succedens,
932 937 997 979 uon
1010 915 1195 980 testamenti
1205 917 1307 983 bene-

151 1000 237 1078 ficio,
254 1003 312 1064 sed
331 1000 440 1066 Sancti
459 1000 557 1086 Regis
567 1001 735 1066 AEdwardi
751 1000 837 1065 dono
855 1024 891 1066 re
915 1002 958 1066 io.
997 1002 1103 1086 Hujus
1118 1001 1229 1089 itaque
1245 1004 1305 1068 viri

152 1087 349 1173 temporibus
372 1087 493 1173 placuit
512 1087 629 1162 divinae
644 1088 757 1173 pietati
777 1027 1059 1174 SanctigMartyris
1074 1089 1226 1154 meritum
1243 1093 1304 1157 sub

151 1175 261 1240 modio
285 1174 474 1259 ignorantiae
501 1174 621 1239 diutiirs
645 1174 880 1253 absconditum,
905 1176 937 1239 in
961 1177 1067 1239 lucem
1089 1176 1245 1260 proferre,
1271 1193 1305 1243 et

148 1262 346 1327 candelabro
361 1262 586 1327 ecclesiasticoe
602 1262 726 1326 notitiae
742 1262 917 1347 imponere.
952 1262 1031 1327 Erat
1046 1275 1156 1327 antem
1172 1263 1303 1330 edituus

150 1349 280 1437 quidam
296 1350 460 1434 proedictae
476 1349 620 1415 ecclesiae
636 1350 667 1414 in
712 1349 751 1413 ud
770 1349 879 1413 Sancti
898 1349 997 1434 Regis
1013 1364 1047 1414 et
1065 1350 1220 1437 Martyris
1233 1375 1304 1417 cor-

150 1459 209 1522 pus
233 1438 399 1501 humatum
423 1437 531 1514 fuerit,
557 1373 904 1515 nomineqssdmundus,
923 1437 970 1501 vir
986 1436 1116 1524 quidem
1132 1438 1301 1527 religiosus

149 1538 184 1588 et
200 1524 377 1601 timoratuS,
394 1524 565 1589 monachili
575 1524 641 1588 vitri
655 1524 834 1613 insignitnS,
852 1538 886 1588 et
901 1524 1013 1588 habitu
1030 1539 1066 1589 ut
1081 1525 1201 1609 legitur
1214 1527 1302 1591 redi·

149 1610 257 1688 mitus,
274 1612 381 1676 Cristo
397 1624 429 1675 et
445 1612 573 1676 Sanctae
583 1613 651 1696 ejus
665 1611 830 1676 Genetrici
843 1611 894 1675 die
904 1634 941 1676 ac
953 1625 1049 1676 nocte
1061 1612 1138 1676 inibi
1153 1612 1302 1679 devotus.

153 1696 228 1761 Non
244 1714 314 1762 erat
329 1699 370 1762 de
386 1722 520 1783 corpore
536 1698 667 1784 alicujus
683 1697 879 1775 monasterii,
897 1721 961 1761 non
977 1698 1072 1762 titulo
1082 1699 1299 1784 professionis,

149 1785 288 1868 regulari
304 1784 470 1871 disciplina
492 1785 660 1861 astrictus3
685 1798 753 1848 erat
770 1800 887 1863 tamen,
906 1786 966 1849 etsi
981 1809 1047 1850 non
1062 1786 1193 1871 publico
1210 1802 1298 1866 voto,

149 1873 329 1937 voluntario
352 1874 482 1959 quidem
506 1875 672 1957 proposito
694 1872 727 1934 in
750 1872 850 1935 turbis
866 1872 1053 1950 monachus,
1071 1873 1103 1938 in
1120 1874 1301 1961 frequentiis

147 1960 258 2109 populi
273 1960 444 2025 solitarius.
493 1959 556 2025 Hic
579 1972 674 2023 nocte
691 1960 837 2046 quddam
852 1982 926 2024 cum
943 1974 1014 2045 post
1030 1974 1203 2025 nocturnes
1219 1962 1299 2046 vigi·
1362 1973 1366 1981 '

161 2071 170 2110 1

171 2069 205 2110 as
221 2047 253 2110 in
269 2047 401 2112 ecclesib
416 2048 527 2112 taxatb
543 2047 686 2110 membra
707 2047 815 2131 sopori
831 2046 985 2124 dedisset,
1003 2048 1104 2112 astitit
1121 2049 1151 2112 ei
1167 2048 1216 2111 vir
1231 2050 1300 2136 qui-

148 2133 224 2198 dam
248 2134 363 2198 coloris
389 2134 498 2211 vividi,
529 2147 563 2197 et
589 2133 771 2197 inexhausti
795 2134 924 2221 vigoris,
942 2135 1066 2199 staturis
1085 2159 1248 2220 procerus,
1266 2151 1299 2201 et

104 2228 106 2232 ’
147 2220 269 2286 caelesti
283 2222 409 2306 fulgore
425 2220 555 2284 nitidus.
605 2220 710 2293 Quem
720 2221 892 2304 diligenter
904 2221 1041 2300 intuem,
1059 2235 1092 2286 et
1108 2223 1151 2286 ob
1163 2224 1298 2308 angelici

148 2308 255 2373 vultits
278 2322 488 2398 magestatem
510 2306 580 2394 quis
603 2319 688 2370 esset
710 2307 908 2394 interrogare
931 2332 996 2372 nou
1019 2332 1226 2393 praesumens,
1251 2312 1299 2375 vir

148 2395 311 2483 angelicus
348 2396 393 2460 sic
430 2417 505 2459 eum
542 2393 715 2493 alloquitur
744 2394 864 2472 dicens,
906 2396 1058 2460 “Frater
1096 2396 1296 2476 AEdmunde,

148 2482 337 2548 AEdmunde
367 2481 505 2546 fraterl'’
568 2482 630 2546 Cur
660 2479 866 2545 AEdmundus
896 2505 969 2545 cum
999 2483 1087 2546 omni
1117 2486 1298 2550 reverentiis

147 2570 324 2655 respondit,
372 2567 490 2642 “Quis
513 2589 547 2632 es
570 2568 745 2633 domine?’'
793 2569 902 2653 “Ego
924 2572 1026 2648 sum,’'
1042 2571 1075 2633 in
1098 2570 1155 2649 uit,
1184 2582 1206 2630 ‘5
1222 2573 1297 2638 Rex

151 2657 300 2723 Oswinus
330 2655 512 2742 proditione
545 2654 718 2719 Hunwaldi
752 2655 886 2720 Comitis
917 2659 982 2721 mei
1011 2659 1052 2721 ab
1111 2659 1189 2722 swio
1218 2683 1296 2748 rege

144 2744 339 2809 detestandal
360 2766 439 2808 nece
463 2755 657 2826 peremptus,
684 2743 738 2830 qui
761 2743 794 2807 in
816 2744 875 2808 bac
899 2744 1034 2809 ecclesib
1046 2745 1132 2829 jacio
1148 2746 1296 2812 omnibus

147 2831 339 2916 incognitus.
397 2831 537 2913 Surgens
564 2829 662 2914 igitur
685 2831 767 2896 vade
792 2845 826 2896 et
850 2832 902 2895 dic
929 2832 1073 2916 pontifici
1101 2831 1294 2918 AEgelwino,

146 2918 296 3005 quatinus
321 2917 354 2980 in
377 2917 471 3001 hujus
487 2917 618 2981 oratorii
633 2919 818 3002 pavimento
830 2920 958 3003 glebam
973 2920 1115 3004 corporis
1130 2920 1194 2985 mei
1207 2945 1296 3008 quae-

145 3019 216 3081 rat;
237 3017 274 3068 et
296 3003 461 3069 inventum
476 3004 594 3082 elevet,
618 3019 653 3069 et
675 3005 839 3071 decentius
858 3007 952 3071 solito
967 3005 1000 3069 in
1023 3007 1139 3071 eodem
1154 3009 1295 3074 oratorio

146 3092 333 3157 recollocet.
400 3091 490 3157 Assis
517 3091 615 3157 etiam
641 3106 676 3157 et
706 3106 753 3173 tu,
784 3117 859 3159 cum
887 3093 1040 3179 pontifice
1072 3094 1295 3181 quaesiturus?

150 3179 276 3254 Quibus
292 3178 396 3255 dictis,
414 3178 580 3263 disparuit.
629 3180 885 3267 Expergefactus
900 3181 1008 3268 itaque
1025 3182 1242 3262 AEdmundus,
1260 3196 1295 3249 et

146 3267 189 3330 de
204 3265 325 3330 visione
340 3266 514 3331 admodum
529 3267 722 3347 laetificatus,
739 3269 900 3333 residuum
917 3268 1019 3332 noctis
1035 3269 1111 3354 vigil
1126 3269 1159 3332 in
1174 3269 1295 3335 oratio-

147 3376 224 3418 num
247 3366 280 3416 et
302 3353 477 3437 gratiarum
493 3355 617 3420 actione
641 3357 813 3440 transegit3
836 3379 1032 3444 surgensque
1055 3379 1180 3421 summo
1201 3379 1296 3422 mane

144 3439 330 3527 pontificem
353 3440 570 3526 AEgelwinum
586 3443 729 3508 concitus
744 3443 835 3520 adiit,
852 3457 886 3508 et
902 3443 1030 3509 visionis
1045 3458 1163 3508 sanctae
1178 3445 1294 3509 seriem

144 3530 235 3593 mera
245 3527 381 3593 veritate
397 3530 427 3593 ei
450 3553 493 3594 ex
510 3531 622 3595 ordine
637 3530 758 3595 retulit.
807 3530 962 3594 Pontifex
976 3553 1054 3596 vero
1069 3531 1179 3596 auditis
1193 3544 1294 3596 tantae

145 3615 340 3700 dignationis
362 3617 543 3696 dulcedine,
569 3618 665 3682 etad
691 3618 888 3682 credendum
911 3617 1132 3682 vehementius
1159 3632 1291 3698 tractus,

144 3703 310 3768 referentis
320 3707 397 3770 nota
407 3705 588 3782 sanctitate,
603 3704 754 3770 ineffabili
769 3705 878 3793 gestiit
889 3703 1019 3788 gaudio,
1033 3702 1107 3790 quia
1116 3725 1174 3767 suo
1185 3706 1293 3770 minis-

147 3791 229 3855 terio
244 3791 393 3877 dignatus
417 3807 466 3858 est
488 3792 683 3858 reverendus
703 3793 838 3856 Sanctus
856 3790 931 3854 Rex
946 3802 980 3852 et
997 3789 1126 3875 Martyr
1145 3792 1291 3858 Oswinus

144 3879 245 3943 levari
267 3903 286 3944 a
309 3883 443 3947 tumulo.
484 3880 656 3946 Comitissa
677 3900 755 3942 vero
769 3875 896 3962 praefati
913 3875 1047 3940 Comitis
1063 3900 1156 3957 uxor,
1174 3880 1293 3945 devota

148 3967 223 4032 Deo
248 3967 377 4048 famula,
394 3969 557 4034 mandavit
580 3965 668 4031 fideli
689 3988 748 4029 suo
770 3962 898 4048 praesuli
921 3962 1084 4043 secretiirs,
1101 3967 1249 4053 quatinus
1265 3969 1291 4031 si

147 4054 222 4120 Deo
232 4056 371 4122 donante
381 4055 522 4142 corporis
538 4052 648 4120 Sancti
662 4051 816 4137 Martyris
832 4072 906 4115 eum
921 4049 1063 4116 iuvenire
1076 4053 1289 4143 contingeret,

145 4146 460 4232 quantulamcunque
482 4141 661 4226 portionem
684 4137 759 4202 inde
781 4159 840 4222 pro
858 4137 1084 4206 benedictione
1099 4156 1289 4220 reservaret,

145 4244 182 4294 ut
197 4232 272 4319 quia
287 4254 345 4317 pro
360 4255 418 4295 suo
427 4226 588 4292 desiderio
599 4246 748 4288 unacum
759 4224 828 4289 aliis
837 4247 976 4310 praesens
988 4249 1058 4293 esse
1075 4251 1138 4293 non
1149 4243 1288 4314 poterat,

143 4317 279 4386 baberet
305 4313 416 4386 saltem
442 4313 529 4404 quod
553 4335 613 4399 pro
636 4334 745 4378 amore
776 4313 885 4380 Sancti
912 4316 1120 4403 postmodum
1143 4319 1290 4383 venerari
