2888 5018
592 354 685 409 VITA
714 355 852 407 SANCTI

274 520 316 586 Et
325 520 413 606 jacet
429 520 630 606 antepedes,
647 533 684 585 ut
699 519 818 608 priscas
834 519 986 609 impetret
1002 525 1099 594 aedes.

276 607 411 686 Annuis,
428 607 504 673 hinc
519 608 598 673 abiit
614 607 707 686 celer,
725 621 757 673 et
772 609 894 673 socium
910 614 1082 683 revocavit.

273 694 365 760 Dant
381 695 444 759 suis
460 708 637 783 unguenta,
654 695 771 784 quibus
789 720 912 785 unguas
928 699 1156 778 calciamenta3

274 789 318 848 Et
334 783 486 867 posthaec
502 785 559 850 lidi
576 784 714 850 retinent
729 784 915 850 habitacula
930 787 1009 852 nidi.

277 870 332 935 Sic
348 869 503 956 reprimas
519 871 582 956 legi
595 871 749 960 quicquid
765 874 944 938 contrarius
960 874 1030 963 egi3

276 959 341 1024 Fac
356 975 561 1042 peccatorum
576 961 728 1048 plangam
744 960 912 1026 commissa
926 984 1085 1040 meornm3

274 1045 389 1112 Insons
406 1048 552 1126 existam,
568 1048 648 1112 dum
664 1046 760 1112 vitam
777 1070 871 1113 curro
887 1072 946 1135 per
961 1049 1064 1131 istam,

276 1134 317 1200 In
332 1133 465 1220 regione
477 1134 543 1200 Dei
560 1133 657 1200 miehi
673 1133 714 1201 sit
730 1135 823 1202 sedes
838 1135 972 1226 requiei.

232 1447 349 1534 [CAP.
367 1447 623 1531 xxm-Quod
632 1451 798 1534 neqlectam
812 1451 1000 1531 afrotribus
1013 1451 1131 1535 lanam
1146 1453 1209 1517 aibr·

579 1559 665 1603 mare
687 1538 854 1604 advenerit.

277 1761 410 1826 Fratres
427 1757 519 1825 obliti
537 1773 612 1826 sunt
628 1759 755 1826 roboris
768 1772 842 1826 ante
857 1762 963 1848 petiti,

279 1846 378 1925 Quod
389 1846 484 1913 maris
501 1849 588 1913 unda
597 1848 726 1936 quidem
738 1846 796 1913 tibi
808 1847 869 1914 fert
885 1861 919 1914 et
934 1847 1028 1937 ponit
1043 1849 1176 1931 ibidem,

279 1936 332 2002 Ad
348 1936 592 2001 sustentandum
609 1938 714 2003 fuerat
729 1958 793 2023 qua
807 1951 900 2023 parte
912 1936 1095 2019 locandum,

278 2025 339 2089 Illa
353 2045 503 2089 mensura
514 2047 587 2090 casa
602 2048 666 2112 qua
677 2024 761 2090 foret
775 2024 838 2089 hoo
853 2025 1015 2091 habitura.

277 2114 331 2178 Sic
346 2112 403 2178 tibi
419 2114 543 2178 factura
556 2114 678 2202 gaudet
693 2135 751 2178 sua
766 2114 905 2178 subdere
913 2117 1008 2201 juru3

180 2224 182 2227 ¹
279 2199 408 2265 Facturi
423 2210 561 2286 gratum,
579 2200 654 2288 quia
669 2215 703 2265 tu
720 2200 856 2266 dederas
872 2201 1073 2268 famulatum.

276 2286 424 2373 Jamque,
441 2287 516 2352 Deo
529 2311 613 2365 care,
629 2288 726 2352 michi
739 2289 880 2354 clemens
893 2288 1064 2367 auxiliare3

278 2372 327 2438 Ut
342 2373 448 2437 vivam
463 2388 560 2452 reete,
574 2374 672 2439 michi
690 2375 864 2456 Christum,
883 2399 1004 2465 quaeso,
1021 2377 1152 2443 reflecte
1167 2402 1176 2442 z

279 2458 343 2524 Fac
359 2482 435 2525 caro
449 2460 490 2524 sit
504 2463 614 2540 menti,
631 2485 723 2527 mens
739 2464 869 2530 subdita
880 2463 1147 2550 cuncti-potenti:

282 2545 336 2615 Sic
351 2548 434 2614 bene
450 2562 601 2629 mutatus,
616 2550 691 2615 fiam
704 2551 1031 2641 quandoquebeatus.

237 2862 352 2953 [CAP.
363 2863 541 2952 XXII.]-
548 2866 641 2945 Quod
648 2869 719 2932 lieet
728 2871 816 2951 lonpe
826 2875 956 2932 remotas
963 2888 985 2932 o
994 2867 1099 2931 multia
1107 2874 1210 2933 tamen

583 2956 854 3039 frequentabatur.

282 3152 369 3218 Urbs
386 3165 422 3216 ut
438 3165 549 3218 monte
560 3155 632 3233 sita,
650 3170 706 3220 tua
720 3155 879 3241 prominet
895 3153 1037 3242 undique
1051 3154 1137 3233 vita3

279 3239 350 3306 Nec
366 3240 450 3306 valet
462 3242 616 3307 abscondi
631 3245 777 3330 quamvis
791 3243 825 3306 in
843 3244 948 3307 Farne
964 3241 1106 3307 recondi.
1211 3306 1215 3313 ,

279 3328 378 3393 Fama
393 3328 469 3394 facit
480 3342 603 3409 notum,
613 3354 716 3416 quem
729 3331 786 3394 dat
799 3330 888 3395 locus
901 3331 979 3395 orbe
995 3341 1166 3400 remotum.

278 3416 371 3493 Quos
387 3418 472 3481 mala
482 3431 678 3504 presserunt,
693 3417 856 3483 relevandi
872 3431 904 3482 te
919 3417 1101 3503 petierunt:

278 3505 357 3569 Pars
373 3528 445 3591 qnae
458 3505 584 3571 fecisset
600 3505 695 3583 mala,
713 3528 788 3590 pars
804 3529 876 3592 quae
888 3529 982 3592 passa
996 3505 1108 3571 fuisset

280 3597 417 3661 Pectore
433 3593 561 3679 lugubri
573 3593 641 3659 fera
657 3605 891 3680 temptamenta
905 3594 1038 3672 colubri,

277 3685 323 3745 Ut
337 3695 572 3758 recrearentur,
587 3681 643 3745 tibi
661 3681 779 3767 quique
793 3682 953 3766 gemendo
968 3681 1131 3760 fatentur3

277 3767 349 3833 Nec
364 3784 438 3836 sunt
452 3768 580 3853 decepti
596 3789 664 3852 spe,
681 3789 755 3831 nam
770 3770 895 3835 rediere
910 3769 1031 3837 refecti.

279 3856 387 3921 Nemo
403 3857 486 3923 redit
498 3869 640 3933 moestus,
658 3855 769 3920 retulit
783 3879 844 3923 nec
855 3859 993 3943 pectoris
1009 3873 1124 3934 aestus3

279 3944 430 4010 Solamen
441 3945 571 4019 moestis,
588 3943 741 4007 relevatio
753 3960 903 4031 prompta
918 3942 1070 4025 molestis,

280 4031 407 4098 Lumen
423 4029 595 4115 temptatis,
611 4052 681 4114 spes
698 4032 809 4097 auxilii
826 4032 984 4098 tribulatis

278 4117 332 4184 Tu
348 4121 452 4184 fueras
467 4117 581 4196 lactus,
598 4120 755 4209 virtutum
769 4121 909 4187 culmina
923 4134 1057 4199 nactus3

279 4206 363 4272 Nam
379 4207 461 4271 bene
476 4205 596 4270 scivisti
607 4228 788 4292 proponere
801 4207 922 4293 gaudia
939 4209 1071 4288 Christi,

279 4291 324 4361 Et
337 4291 449 4362 muudi
459 4291 554 4361 luxus
566 4316 663 4384 quam
674 4297 714 4362 sit
729 4313 804 4362 curn
815 4308 961 4383 tempore
974 4299 1093 4367 fluxus.
