<?xml version="1.0" encoding="UTF-8"?>
<!DOCTYPE html PUBLIC "-//W3C//DTD XHTML 1.0 Transitional//EN"
    "http://www.w3.org/TR/xhtml1/DTD/xhtml1-transitional.dtd">
<html xmlns="http://www.w3.org/1999/xhtml" xml:lang="en" lang="en">
 <head>
  <title>
</title>
<meta http-equiv="Content-Type" content="text/html;charset=utf-8" />
  <meta name='ocr-system' content='tesseract 3.04.00' />
  <meta name='ocr-capabilities' content='ocr_page ocr_carea ocr_par ocr_line ocrx_word'/>
</head>
<body>
  <div class='ocr_page' id='page_1' title='image "./miscellaneabiog00raingoog_0111.png"; bbox 0 0 2888 5018; ppageno 0'>
   <div class='ocr_carea' id='block_1_1' title="bbox 594 361 843 416">
    <p class='ocr_par' dir='ltr' id='par_1_1' title="bbox 594 361 843 416">
     <span class='ocr_line' id='line_1_1' title="bbox 594 361 843 416; baseline -0.012 -2"><span class='ocrx_word' id='word_1_1' title='bbox 594 363 687 416; x_wconf 81' lang='lat' dir='ltr'>VITA</span> <span class='ocrx_word' id='word_1_2' title='bbox 706 361 843 415; x_wconf 82' lang='lat' dir='ltr'><strong>SANCTI</strong></span> 
     </span>
    </p>
   </div>
   <div class='ocr_carea' id='block_1_2' title="bbox 279 525 1257 1058">
    <p class='ocr_par' dir='ltr' id='par_1_2' title="bbox 279 525 1030 615">
     <span class='ocr_line' id='line_1_2' title="bbox 279 525 1030 615; baseline -0.012 -15"><span class='ocrx_word' id='word_1_3' title='bbox 279 531 415 600; x_wconf 85' lang='lat' dir='ltr'><strong>Saucius</strong></span> <span class='ocrx_word' id='word_1_4' title='bbox 431 551 474 595; x_wconf 88' lang='lat' dir='ltr'><strong>ex</strong></span> <span class='ocrx_word' id='word_1_5' title='bbox 489 529 555 596; x_wconf 85' lang='lat' dir='ltr'><strong>telo</strong></span> <span class='ocrx_word' id='word_1_6' title='bbox 566 528 683 615; x_wconf 83' lang='lat' dir='ltr'><strong>culpae,</strong></span> <span class='ocrx_word' id='word_1_7' title='bbox 699 529 898 594; x_wconf 80' lang='lat' dir='ltr'>medicamen</span> <span class='ocrx_word' id='word_1_8' title='bbox 914 525 1030 592; x_wconf 87' lang='lat' dir='ltr'><strong>anhelo</strong></span> 
     </span>
    </p>

    <p class='ocr_par' dir='ltr' id='par_1_3' title="bbox 282 613 1257 1058">
     <span class='ocr_line' id='line_1_3' title="bbox 282 613 1211 706; baseline -0.009 -20"><span class='ocrx_word' id='word_1_9' title='bbox 282 621 346 686; x_wconf 87' lang='lat' dir='ltr'><strong>Fer</strong></span> <span class='ocrx_word' id='word_1_10' title='bbox 360 641 475 706; x_wconf 81' lang='lat' dir='ltr'><strong>precor</strong></span> <span class='ocrx_word' id='word_1_11' title='bbox 489 618 670 683; x_wconf 85' lang='lat' dir='ltr'>antidotum</span> <span class='ocrx_word' id='word_1_12' title='bbox 684 640 693 693; x_wconf 82' lang='lat'><em>3</em></span> <span class='ocrx_word' id='word_1_13' title='bbox 717 617 861 683; x_wconf 92' lang='lat' dir='ltr'><strong>medicus</strong></span> <span class='ocrx_word' id='word_1_14' title='bbox 873 615 1033 681; x_wconf 91' lang='lat' dir='ltr'><strong>medicina</strong></span> <span class='ocrx_word' id='word_1_15' title='bbox 1046 613 1211 693; x_wconf 87' lang='lat' dir='ltr'><strong>dolorum,</strong></span> 
     </span>
     <span class='ocr_line' id='line_1_4' title="bbox 284 705 1241 796; baseline -0.007 -23"><span class='ocrx_word' id='word_1_16' title='bbox 284 709 431 796; x_wconf 81' lang='lat' dir='ltr'><strong>Porrige,</strong></span> <span class='ocrx_word' id='word_1_17' title='bbox 448 729 569 792; x_wconf 84' lang='lat' dir='ltr'><strong>quaeso,</strong></span> <span class='ocrx_word' id='word_1_18' title='bbox 586 727 715 769; x_wconf 92' lang='lat' dir='ltr'><strong>manum</strong></span> <span class='ocrx_word' id='word_1_19' title='bbox 729 727 738 780; x_wconf 87' lang='lat'><em>3</em></span> <span class='ocrx_word' id='word_1_20' title='bbox 762 705 858 770; x_wconf 86' lang='lat' dir='ltr'><strong>facies</strong></span> <span class='ocrx_word' id='word_1_21' title='bbox 875 726 952 769; x_wconf 89' lang='lat' dir='ltr'><strong>mox</strong></span> <span class='ocrx_word' id='word_1_22' title='bbox 968 723 1098 790; x_wconf 85' lang='lat' dir='ltr'><strong>surgere</strong></span> <span class='ocrx_word' id='word_1_23' title='bbox 1114 724 1241 767; x_wconf 90' lang='lat' dir='ltr'><strong>sanum.</strong></span> 
     </span>
     <span class='ocr_line' id='line_1_5' title="bbox 282 789 1200 883; baseline -0.008 -22"><span class='ocrx_word' id='word_1_24' title='bbox 282 797 428 883; x_wconf 87' lang='lat' dir='ltr'><strong>Porrige,</strong></span> <span class='ocrx_word' id='word_1_25' title='bbox 445 817 509 880; x_wconf 94' lang='lat' dir='ltr'><strong>quo</strong></span> <span class='ocrx_word' id='word_1_26' title='bbox 526 792 680 858; x_wconf 91' lang='lat' dir='ltr'><strong>mundum</strong></span> <span class='ocrx_word' id='word_1_27' title='bbox 698 793 814 858; x_wconf 88' lang='lat' dir='ltr'><strong>reddat</strong></span> <span class='ocrx_word' id='word_1_28' title='bbox 829 793 990 877; x_wconf 87' lang='lat' dir='ltr'><strong>baptisma</strong></span> <span class='ocrx_word' id='word_1_29' title='bbox 1005 789 1200 854; x_wconf 89' lang='lat' dir='ltr'><strong>secundum.</strong></span> 
     </span>
     <span class='ocr_line' id='line_1_6' title="bbox 286 876 1257 968; baseline -0.006 -20"><span class='ocrx_word' id='word_1_30' title='bbox 286 885 366 968; x_wconf 83' lang='lat' dir='ltr'><strong>Spes</strong></span> <span class='ocrx_word' id='word_1_31' title='bbox 383 905 453 946; x_wconf 89' lang='lat' dir='ltr'><strong>mea</strong></span> <span class='ocrx_word' id='word_1_32' title='bbox 467 895 542 968; x_wconf 90' lang='lat' dir='ltr'><strong>post</strong></span> <span class='ocrx_word' id='word_1_33' title='bbox 559 879 733 957; x_wconf 87' lang='lat' dir='ltr'><strong>Christum,</strong></span> <span class='ocrx_word' id='word_1_34' title='bbox 745 903 839 965; x_wconf 88' lang='lat' dir='ltr'><strong>prece</strong></span> <span class='ocrx_word' id='word_1_35' title='bbox 855 879 956 965; x_wconf 90' lang='lat' dir='ltr'><strong>pellas</strong></span> <span class='ocrx_word' id='word_1_36' title='bbox 971 900 1066 942; x_wconf 89' lang='lat' dir='ltr'><strong>omne</strong></span> <span class='ocrx_word' id='word_1_37' title='bbox 1081 876 1257 943; x_wconf 73' lang='lat' dir='ltr'><strong>sinistrum·</strong></span> 
     </span>
     <span class='ocr_line' id='line_1_7' title="bbox 289 965 1039 1058; baseline -0.007 -21"><span class='ocrx_word' id='word_1_38' title='bbox 289 971 358 1037; x_wconf 93' lang='lat' dir='ltr'><strong>Oro</strong></span> <span class='ocrx_word' id='word_1_39' title='bbox 368 973 483 1058; x_wconf 85' lang='lat' dir='ltr'><strong>juvare</strong></span> <span class='ocrx_word' id='word_1_40' title='bbox 499 968 586 1047; x_wconf 88' lang='lat' dir='ltr'><strong>velis,</strong></span> <span class='ocrx_word' id='word_1_41' title='bbox 599 980 632 1032; x_wconf 93' lang='lat' dir='ltr'><strong>et</strong></span> <span class='ocrx_word' id='word_1_42' title='bbox 648 989 725 1031; x_wconf 87' lang='lat' dir='ltr'><strong>mox</strong></span> <span class='ocrx_word' id='word_1_43' title='bbox 741 967 799 1034; x_wconf 93' lang='lat' dir='ltr'><strong>tibi</strong></span> <span class='ocrx_word' id='word_1_44' title='bbox 815 969 907 1033; x_wconf 89' lang='lat' dir='ltr'><strong>stabo</strong></span> <span class='ocrx_word' id='word_1_45' title='bbox 923 965 1039 1032; x_wconf 89' lang='lat' dir='ltr'><strong>fidelis.</strong></span> 
     </span>
    </p>
   </div>
   <div class='ocr_carea' id='block_1_3' title="bbox 244 1306 1220 1477">
    <p class='ocr_par' dir='ltr' id='par_1_4' title="bbox 244 1306 1220 1477">
     <span class='ocr_line' id='line_1_8' title="bbox 244 1306 1220 1400; baseline -0.009 -21"><span class='ocrx_word' id='word_1_46' title='bbox 244 1312 361 1400; x_wconf 82' lang='lat' dir='ltr'><strong>[CAP.</strong></span> <span class='ocrx_word' id='word_1_47' title='bbox 376 1308 438 1390; x_wconf 85' lang='grc'><strong>[1.]</strong></span> <span class='ocrx_word' id='word_1_48' title='bbox 448 1347 478 1354; x_wconf 93' lang='grc'>-</span> <span class='ocrx_word' id='word_1_49' title='bbox 487 1306 579 1388; x_wconf 76' lang='lat' dir='ltr'><strong>Quod</strong></span> <span class='ocrx_word' id='word_1_50' title='bbox 593 1330 613 1371; x_wconf 87' lang='lat' dir='ltr'><strong>a</strong></span> <span class='ocrx_word' id='word_1_51' title='bbox 629 1311 743 1371; x_wconf 81' lang='lat' dir='ltr'><strong>trienni</strong></span> <span class='ocrx_word' id='word_1_52' title='bbox 749 1328 847 1388; x_wconf 84' lang='lat' dir='ltr'><strong>puero</strong></span> <span class='ocrx_word' id='word_1_53' title='bbox 856 1308 1016 1389; x_wconf 81' lang='lat' dir='ltr'><strong>predictus</strong></span> <span class='ocrx_word' id='word_1_54' title='bbox 1029 1310 1070 1371; x_wconf 80' lang='lat' dir='ltr'><strong>eit</strong></span> <span class='ocrx_word' id='word_1_55' title='bbox 1084 1308 1220 1389; x_wconf 77' lang='lat' dir='ltr'><strong>Episco-</strong></span> 
     </span>
     <span class='ocr_line' id='line_1_9' title="bbox 625 1396 832 1477; baseline 0.019 -19"><span class='ocrx_word' id='word_1_56' title='bbox 625 1396 832 1477; x_wconf 70' lang='lat' dir='ltr'><strong>praefaturus,</strong></span> 
     </span>
    </p>
   </div>
   <div class='ocr_carea' id='block_1_4' title="bbox 292 1593 1247 3088">
    <p class='ocr_par' dir='ltr' id='par_1_5' title="bbox 292 1593 1160 1855">
     <span class='ocr_line' id='line_1_10' title="bbox 294 1593 1160 1680; baseline -0.008 -19"><span class='ocrx_word' id='word_1_57' title='bbox 294 1599 398 1662; x_wconf 91' lang='lat' dir='ltr'><strong>Posce</strong></span> <span class='ocrx_word' id='word_1_58' title='bbox 414 1594 493 1658; x_wconf 92' lang='lat' dir='ltr'><strong>mihi</strong></span> <span class='ocrx_word' id='word_1_59' title='bbox 508 1595 633 1672; x_wconf 89' lang='lat' dir='ltr'><strong>flatum,</strong></span> <span class='ocrx_word' id='word_1_60' title='bbox 646 1594 808 1680; x_wconf 90' lang='lat' dir='ltr'><strong>quondam</strong></span> <span class='ocrx_word' id='word_1_61' title='bbox 825 1594 883 1658; x_wconf 90' lang='lat' dir='ltr'><strong>tibi</strong></span> <span class='ocrx_word' id='word_1_62' title='bbox 900 1593 1022 1658; x_wconf 89' lang='lat' dir='ltr'><strong>mistica</strong></span> <span class='ocrx_word' id='word_1_63' title='bbox 1037 1593 1160 1671; x_wconf 82' lang='lat' dir='ltr'><strong>fatum3</strong></span> 
     </span>
     <span class='ocr_line' id='line_1_11' title="bbox 292 1681 1093 1766; baseline -0.004 -19"><span class='ocrx_word' id='word_1_64' title='bbox 292 1684 377 1759; x_wconf 83' lang='lat' dir='ltr'><strong>Quae</strong></span> <span class='ocrx_word' id='word_1_65' title='bbox 393 1705 475 1766; x_wconf 93' lang='lat' dir='ltr'><strong>puer</strong></span> <span class='ocrx_word' id='word_1_66' title='bbox 493 1683 635 1746; x_wconf 90' lang='lat' dir='ltr'><strong>octennis</strong></span> <span class='ocrx_word' id='word_1_67' title='bbox 651 1682 806 1766; x_wconf 89' lang='lat' dir='ltr'><strong>perdiscis</strong></span> <span class='ocrx_word' id='word_1_68' title='bbox 822 1683 863 1746; x_wconf 93' lang='lat' dir='ltr'><strong>ab</strong></span> <span class='ocrx_word' id='word_1_69' title='bbox 879 1704 934 1745; x_wconf 91' lang='lat' dir='ltr'><strong>ore</strong></span> <span class='ocrx_word' id='word_1_70' title='bbox 951 1681 1093 1759; x_wconf 89' lang='lat' dir='ltr'><strong>triennis,</strong></span> 
     </span>
     <span class='ocr_line' id='line_1_12' title="bbox 294 1768 1052 1855; baseline -0.004 -20"><span class='ocrx_word' id='word_1_71' title='bbox 294 1771 380 1835; x_wconf 85' lang='lat' dir='ltr'><strong>Haec</strong></span> <span class='ocrx_word' id='word_1_72' title='bbox 396 1770 453 1833; x_wconf 91' lang='lat' dir='ltr'><strong>tibi</strong></span> <span class='ocrx_word' id='word_1_73' title='bbox 470 1768 616 1846; x_wconf 85' lang='lat' dir='ltr'><strong>dicentis,</strong></span> <span class='ocrx_word' id='word_1_74' title='bbox 633 1768 746 1855; x_wconf 87' lang='lat' dir='ltr'><strong>gradui</strong></span> <span class='ocrx_word' id='word_1_75' title='bbox 764 1771 925 1833; x_wconf 86' lang='lat' dir='ltr'><strong>contraria</strong></span> <span class='ocrx_word' id='word_1_76' title='bbox 939 1768 1052 1844; x_wconf 84' lang='lat' dir='ltr'><strong>sentis3</strong></span> 
     </span>
    </p>

    <p class='ocr_par' dir='ltr' id='par_1_6' title="bbox 293 1855 1177 2031">
     <span class='ocr_line' id='line_1_13' title="bbox 293 1855 1177 1932; baseline -0.005 -10"><span class='ocrx_word' id='word_1_77' title='bbox 293 1869 316 1900; x_wconf 76' lang='lat'><strong>‘⁶</strong></span> <span class='ocrx_word' id='word_1_78' title='bbox 333 1858 454 1922; x_wconf 89' lang='lat' dir='ltr'><strong>Praesul</strong></span> <span class='ocrx_word' id='word_1_79' title='bbox 474 1857 664 1932; x_wconf 90' lang='lat' dir='ltr'><strong>Cuthberte,</strong></span> <span class='ocrx_word' id='word_1_80' title='bbox 682 1856 775 1921; x_wconf 89' lang='lat' dir='ltr'><strong>decet</strong></span> <span class='ocrx_word' id='word_1_81' title='bbox 790 1857 878 1920; x_wconf 91' lang='lat' dir='ltr'><strong>baud</strong></span> <span class='ocrx_word' id='word_1_82' title='bbox 894 1870 925 1922; x_wconf 93' lang='lat' dir='ltr'><strong>te</strong></span> <span class='ocrx_word' id='word_1_83' title='bbox 941 1855 1052 1921; x_wconf 87' lang='lat' dir='ltr'><strong>ludere</strong></span> <span class='ocrx_word' id='word_1_84' title='bbox 1068 1869 1177 1930; x_wconf 83' lang='lat' dir='ltr'><strong>certe3</strong></span> 
     </span>
     <span class='ocr_line' id='line_1_14' title="bbox 294 1943 968 2031; baseline -0.004 -20"><span class='ocrx_word' id='word_1_85' title='bbox 294 1948 366 2011; x_wconf 88' lang='lat' dir='ltr'><strong>Jam</strong></span> <span class='ocrx_word' id='word_1_86' title='bbox 381 1944 449 2009; x_wconf 87' lang='lat' dir='ltr'><strong>iudi</strong></span> <span class='ocrx_word' id='word_1_87' title='bbox 460 1944 548 2031; x_wconf 89' lang='lat' dir='ltr'><strong>jugis</strong></span> <span class='ocrx_word' id='word_1_88' title='bbox 564 1967 669 2008; x_wconf 88' lang='lat' dir='ltr'><strong>cesses</strong></span> <span class='ocrx_word' id='word_1_89' title='bbox 685 1943 829 2008; x_wconf 87' lang='lat' dir='ltr'><strong>insistere</strong></span> <span class='ocrx_word' id='word_1_90' title='bbox 842 1945 968 2027; x_wconf 87' lang='lat' dir='ltr'><strong>nugis.’&#39;</strong></span> 
     </span>
    </p>

    <p class='ocr_par' dir='ltr' id='par_1_7' title="bbox 294 2031 1052 2116">
     <span class='ocr_line' id='line_1_15' title="bbox 294 2031 1052 2116; baseline -0.003 -20"><span class='ocrx_word' id='word_1_91' title='bbox 294 2035 384 2098; x_wconf 92' lang='lat' dir='ltr'><strong>Voce</strong></span> <span class='ocrx_word' id='word_1_92' title='bbox 400 2035 474 2096; x_wconf 90' lang='lat' dir='ltr'><strong>novi</strong></span> <span class='ocrx_word' id='word_1_93' title='bbox 490 2034 569 2097; x_wconf 87' lang='lat' dir='ltr'><strong>vatis</strong></span> <span class='ocrx_word' id='word_1_94' title='bbox 586 2031 731 2116; x_wconf 83' lang='lat' dir='ltr'><strong>reprimis</strong></span> <span class='ocrx_word' id='word_1_95' title='bbox 748 2031 889 2096; x_wconf 86' lang='lat' dir='ltr'><strong>studium</strong></span> <span class='ocrx_word' id='word_1_96' title='bbox 907 2031 1052 2096; x_wconf 86' lang='lat' dir='ltr'><strong>levitatis.</strong></span> 
     </span>
    </p>

    <p class='ocr_par' dir='ltr' id='par_1_8' title="bbox 297 2120 1057 2206">
     <span class='ocr_line' id='line_1_16' title="bbox 297 2120 1057 2206; baseline -0.005 -20"><span class='ocrx_word' id='word_1_97' title='bbox 297 2122 381 2187; x_wconf 89' lang='lat' dir='ltr'><strong>Cum</strong></span> <span class='ocrx_word' id='word_1_98' title='bbox 399 2143 478 2206; x_wconf 91' lang='lat' dir='ltr'><strong>puer</strong></span> <span class='ocrx_word' id='word_1_99' title='bbox 493 2121 606 2184; x_wconf 80' lang='lat' dir='ltr'><strong>infanti</strong></span> <span class='ocrx_word' id='word_1_100' title='bbox 623 2142 714 2203; x_wconf 87' lang='lat' dir='ltr'><strong>pares</strong></span> <span class='ocrx_word' id='word_1_101' title='bbox 726 2121 785 2183; x_wconf 92' lang='lat' dir='ltr'><strong>tibi</strong></span> <span class='ocrx_word' id='word_1_102' title='bbox 800 2133 889 2183; x_wconf 90' lang='lat' dir='ltr'><strong>tanta</strong></span> <span class='ocrx_word' id='word_1_103' title='bbox 904 2120 1057 2204; x_wconf 87' lang='lat' dir='ltr'><strong>profanti,</strong></span> 
     </span>
    </p>

    <p class='ocr_par' dir='ltr' id='par_1_9' title="bbox 297 2206 1247 2555">
     <span class='ocr_line' id='line_1_17' title="bbox 300 2206 1074 2292; baseline 0.005 -21"><span class='ocrx_word' id='word_1_104' title='bbox 300 2210 383 2282; x_wconf 83' lang='lat' dir='ltr'><strong>Quae</strong></span> <span class='ocrx_word' id='word_1_105' title='bbox 395 2231 455 2292; x_wconf 91' lang='lat' dir='ltr'><strong>per</strong></span> <span class='ocrx_word' id='word_1_106' title='bbox 471 2231 543 2271; x_wconf 91' lang='lat' dir='ltr'><strong>eum</strong></span> <span class='ocrx_word' id='word_1_107' title='bbox 556 2207 640 2270; x_wconf 86' lang='lat' dir='ltr'><strong>fatur</strong></span> <span class='ocrx_word' id='word_1_108' title='bbox 653 2206 720 2284; x_wconf 89' lang='lat' dir='ltr'><strong>tibi,</strong></span> <span class='ocrx_word' id='word_1_109' title='bbox 739 2208 836 2271; x_wconf 87' lang='lat' dir='ltr'><strong>virtus</strong></span> <span class='ocrx_word' id='word_1_110' title='bbox 849 2221 880 2271; x_wconf 92' lang='lat' dir='ltr'><strong>tc</strong></span> <span class='ocrx_word' id='word_1_111' title='bbox 893 2210 1074 2275; x_wconf 86' lang='lat' dir='ltr'><strong>comitatur.</strong></span> 
     </span>
     <span class='ocr_line' id='line_1_18' title="bbox 298 2294 1247 2382; baseline 0.004 -23"><span class='ocrx_word' id='word_1_112' title='bbox 298 2298 433 2379; x_wconf 87' lang='lat' dir='ltr'><strong>Semper</strong></span> <span class='ocrx_word' id='word_1_113' title='bbox 448 2295 567 2357; x_wconf 86' lang='lat' dir='ltr'><strong>abhinc</strong></span> <span class='ocrx_word' id='word_1_114' title='bbox 586 2294 718 2358; x_wconf 88' lang='lat' dir='ltr'><strong>Christo</strong></span> <span class='ocrx_word' id='word_1_115' title='bbox 733 2308 798 2358; x_wconf 89' lang='lat' dir='ltr'><strong>stas</strong></span> <span class='ocrx_word' id='word_1_116' title='bbox 814 2296 945 2358; x_wconf 90' lang='lat' dir='ltr'><strong>firmans</strong></span> <span class='ocrx_word' id='word_1_117' title='bbox 961 2295 1061 2359; x_wconf 88' lang='lat' dir='ltr'><strong>corda</strong></span> <span class='ocrx_word' id='word_1_118' title='bbox 1076 2295 1247 2382; x_wconf 74' lang='lat' dir='ltr'><strong>magistro,</strong></span> 
     </span>
     <span class='ocr_line' id='line_1_19' title="bbox 297 2380 1140 2465; baseline 0.004 -20"><span class='ocrx_word' id='word_1_119' title='bbox 297 2382 366 2458; x_wconf 82' lang='lat' dir='ltr'><strong>Me,</strong></span> <span class='ocrx_word' id='word_1_120' title='bbox 384 2380 436 2465; x_wconf 89' lang='lat' dir='ltr'><strong>pie</strong></span> <span class='ocrx_word' id='word_1_121' title='bbox 453 2381 645 2457; x_wconf 88' lang='lat' dir='ltr'><strong>Cuthberte,</strong></span> <span class='ocrx_word' id='word_1_122' title='bbox 659 2403 774 2465; x_wconf 91' lang='lat' dir='ltr'><strong>precor</strong></span> <span class='ocrx_word' id='word_1_123' title='bbox 788 2383 830 2445; x_wconf 90' lang='lat' dir='ltr'><strong>ad</strong></span> <span class='ocrx_word' id='word_1_124' title='bbox 847 2383 981 2446; x_wconf 86' lang='lat' dir='ltr'><strong>meliora</strong></span> <span class='ocrx_word' id='word_1_125' title='bbox 996 2396 1140 2448; x_wconf 83' lang='lat' dir='ltr'><strong>reverte:</strong></span> 
     </span>
     <span class='ocr_line' id='line_1_20' title="bbox 299 2467 1035 2555; baseline 0.004 -23"><span class='ocrx_word' id='word_1_126' title='bbox 299 2469 429 2555; x_wconf 90' lang='lat' dir='ltr'><strong>Tuque,</strong></span> <span class='ocrx_word' id='word_1_127' title='bbox 445 2467 518 2530; x_wconf 91' lang='lat' dir='ltr'><strong>Deo</strong></span> <span class='ocrx_word' id='word_1_128' title='bbox 534 2480 647 2544; x_wconf 88' lang='lat' dir='ltr'><strong>macte,</strong></span> <span class='ocrx_word' id='word_1_129' title='bbox 665 2484 698 2532; x_wconf 91' lang='lat' dir='ltr'><strong>tu</strong></span> <span class='ocrx_word' id='word_1_130' title='bbox 715 2469 811 2533; x_wconf 88' lang='lat' dir='ltr'><strong>sacris</strong></span> <span class='ocrx_word' id='word_1_131' title='bbox 829 2470 935 2533; x_wconf 90' lang='lat' dir='ltr'><strong>usibus</strong></span> <span class='ocrx_word' id='word_1_132' title='bbox 951 2484 1035 2554; x_wconf 88' lang='lat' dir='ltr'><strong>apte,</strong></span> 
     </span>
    </p>

    <p class='ocr_par' dir='ltr' id='par_1_10' title="bbox 298 2556 1124 2818">
     <span class='ocr_line' id='line_1_21' title="bbox 300 2556 1079 2642; baseline 0.001 -21"><span class='ocrx_word' id='word_1_133' title='bbox 300 2556 370 2621; x_wconf 91' lang='lat' dir='ltr'><strong>Oro</strong></span> <span class='ocrx_word' id='word_1_134' title='bbox 381 2556 526 2632; x_wconf 90' lang='lat' dir='ltr'><strong>devotus,</strong></span> <span class='ocrx_word' id='word_1_135' title='bbox 543 2577 658 2641; x_wconf 89' lang='lat' dir='ltr'><strong>pravos</strong></span> <span class='ocrx_word' id='word_1_136' title='bbox 674 2557 753 2619; x_wconf 89' lang='lat' dir='ltr'><strong>mihi</strong></span> <span class='ocrx_word' id='word_1_137' title='bbox 769 2559 944 2642; x_wconf 89' lang='lat' dir='ltr'><strong>comprime</strong></span> <span class='ocrx_word' id='word_1_138' title='bbox 954 2571 1079 2622; x_wconf 86' lang='lat' dir='ltr'><strong>motus:</strong></span> 
     </span>
     <span class='ocr_line' id='line_1_22' title="bbox 298 2643 1124 2731; baseline 0 -22"><span class='ocrx_word' id='word_1_139' title='bbox 298 2645 487 2730; x_wconf 88' lang='lat' dir='ltr'><strong>Comprime</strong></span> <span class='ocrx_word' id='word_1_140' title='bbox 503 2645 612 2708; x_wconf 91' lang='lat' dir='ltr'><strong>virtuti</strong></span> <span class='ocrx_word' id='word_1_141' title='bbox 628 2643 779 2730; x_wconf 90' lang='lat' dir='ltr'><strong>quicquid</strong></span> <span class='ocrx_word' id='word_1_142' title='bbox 791 2659 887 2710; x_wconf 89' lang='lat' dir='ltr'><strong>nocet</strong></span> <span class='ocrx_word' id='word_1_143' title='bbox 903 2659 999 2731; x_wconf 86' lang='lat' dir='ltr'><strong>atque</strong></span> <span class='ocrx_word' id='word_1_144' title='bbox 1011 2644 1124 2710; x_wconf 90' lang='lat' dir='ltr'><strong>saluti:</strong></span> 
     </span>
     <span class='ocr_line' id='line_1_23' title="bbox 302 2732 1091 2818; baseline -0.001 -20"><span class='ocrx_word' id='word_1_145' title='bbox 302 2736 424 2798; x_wconf 86' lang='lat' dir='ltr'><strong>Auctor</strong></span> <span class='ocrx_word' id='word_1_146' title='bbox 439 2732 610 2810; x_wconf 91' lang='lat' dir='ltr'><strong>donorum,</strong></span> <span class='ocrx_word' id='word_1_147' title='bbox 628 2732 799 2818; x_wconf 85' lang='lat' dir='ltr'><strong>spiramen,</strong></span> <span class='ocrx_word' id='word_1_148' title='bbox 813 2733 905 2817; x_wconf 86' lang='lat' dir='ltr'><strong>origo</strong></span> <span class='ocrx_word' id='word_1_149' title='bbox 920 2734 1091 2810; x_wconf 93' lang='lat' dir='ltr'><strong>bonorum,</strong></span> 
     </span>
    </p>

    <p class='ocr_par' dir='ltr' id='par_1_11' title="bbox 300 2820 1153 3088">
     <span class='ocr_line' id='line_1_24' title="bbox 303 2820 1153 2908; baseline 0.001 -24"><span class='ocrx_word' id='word_1_150' title='bbox 303 2820 368 2894; x_wconf 84' lang='lat' dir='ltr'><strong>Qui</strong></span> <span class='ocrx_word' id='word_1_151' title='bbox 385 2834 457 2885; x_wconf 89' lang='lat' dir='ltr'><strong>tuus</strong></span> <span class='ocrx_word' id='word_1_152' title='bbox 474 2820 649 2885; x_wconf 87' lang='lat' dir='ltr'><strong>instructor</strong></span> <span class='ocrx_word' id='word_1_153' title='bbox 667 2820 726 2884; x_wconf 86' lang='lat' dir='ltr'><strong>fuit</strong></span> <span class='ocrx_word' id='word_1_154' title='bbox 740 2835 836 2908; x_wconf 90' lang='lat' dir='ltr'><strong>atque</strong></span> <span class='ocrx_word' id='word_1_155' title='bbox 852 2822 1021 2905; x_wconf 87' lang='lat' dir='ltr'><strong>perardua</strong></span> <span class='ocrx_word' id='word_1_156' title='bbox 1035 2822 1153 2886; x_wconf 91' lang='lat' dir='ltr'><strong>ductor</strong></span> 
     </span>
     <span class='ocr_line' id='line_1_25' title="bbox 300 2908 1106 2985; baseline 0 -13"><span class='ocrx_word' id='word_1_157' title='bbox 300 2908 360 2972; x_wconf 93' lang='lat' dir='ltr'><strong>Me</strong></span> <span class='ocrx_word' id='word_1_158' title='bbox 375 2909 491 2973; x_wconf 90' lang='lat' dir='ltr'><strong>doceat</strong></span> <span class='ocrx_word' id='word_1_159' title='bbox 507 2922 648 2973; x_wconf 91' lang='lat' dir='ltr'><strong>mentem</strong></span> <span class='ocrx_word' id='word_1_160' title='bbox 665 2909 761 2971; x_wconf 87' lang='lat' dir='ltr'><strong>sacris</strong></span> <span class='ocrx_word' id='word_1_161' title='bbox 778 2909 919 2974; x_wconf 88' lang='lat' dir='ltr'><strong>stabilire</strong></span> <span class='ocrx_word' id='word_1_162' title='bbox 934 2911 1106 2985; x_wconf 87' lang='lat' dir='ltr'><strong>fluentem3</strong></span> 
     </span>
     <span class='ocr_line' id='line_1_26' title="bbox 301 2996 1135 3088; baseline 0.004 -24"><span class='ocrx_word' id='word_1_163' title='bbox 301 2996 457 3086; x_wconf 85' lang='lat' dir='ltr'><strong>Protegat</strong></span> <span class='ocrx_word' id='word_1_164' title='bbox 468 3011 565 3087; x_wconf 88' lang='lat' dir='ltr'><strong>atque</strong></span> <span class='ocrx_word' id='word_1_165' title='bbox 578 3008 680 3084; x_wconf 84' lang='lat' dir='ltr'><strong>regat,</strong></span> <span class='ocrx_word' id='word_1_166' title='bbox 694 3017 819 3061; x_wconf 92' lang='lat' dir='ltr'><strong>mecum</strong></span> <span class='ocrx_word' id='word_1_167' title='bbox 835 3019 894 3083; x_wconf 91' lang='lat' dir='ltr'><strong>per</strong></span> <span class='ocrx_word' id='word_1_168' title='bbox 906 2997 1015 3063; x_wconf 87' lang='lat' dir='ltr'><strong>secula</strong></span> <span class='ocrx_word' id='word_1_169' title='bbox 1026 2997 1135 3088; x_wconf 85' lang='lat' dir='ltr'><strong>degat.</strong></span> 
     </span>
    </p>
   </div>
   <div class='ocr_carea' id='block_1_5' title="bbox 309 3331 1182 3420">
    <p class='ocr_par' dir='ltr' id='par_1_12' title="bbox 309 3331 1182 3420">
     <span class='ocr_line' id='line_1_27' title="bbox 309 3331 1182 3420; baseline 0.007 -20"><span class='ocrx_word' id='word_1_170' title='bbox 309 3331 425 3415; x_wconf 79' lang='lat' dir='ltr'><em>[GAP.</em></span> <span class='ocrx_word' id='word_1_171' title='bbox 441 3332 563 3413; x_wconf 82' lang='lat' dir='ltr'><strong><em>IIL]-·</em></strong></span> <span class='ocrx_word' id='word_1_172' title='bbox 573 3335 666 3413; x_wconf 76' lang='lat' dir='ltr'><strong>Quod</strong></span> <span class='ocrx_word' id='word_1_173' title='bbox 677 3335 854 3400; x_wconf 82' lang='lat' dir='ltr'><strong>clondnsab</strong></span> <span class='ocrx_word' id='word_1_174' title='bbox 871 3339 979 3420; x_wconf 70' lang='lat' dir='ltr'><strong>carpeia</strong></span> <span class='ocrx_word' id='word_1_175' title='bbox 993 3341 1036 3401; x_wconf 80' lang='lat' dir='ltr'><strong>sit</strong></span> <span class='ocrx_word' id='word_1_176' title='bbox 1048 3345 1182 3406; x_wconf 66' lang='lat' dir='ltr'><strong>cirratas.</strong></span> 
     </span>
    </p>
   </div>
   <div class='ocr_carea' id='block_1_6' title="bbox 301 3533 1195 4416">
    <p class='ocr_par' dir='ltr' id='par_1_13' title="bbox 301 3533 1195 3796">
     <span class='ocr_line' id='line_1_28' title="bbox 303 3533 1106 3622; baseline 0.006 -24"><span class='ocrx_word' id='word_1_177' title='bbox 303 3534 444 3599; x_wconf 87' lang='lat' dir='ltr'><strong>Arcebat</strong></span> <span class='ocrx_word' id='word_1_178' title='bbox 459 3555 601 3618; x_wconf 86' lang='lat' dir='ltr'><strong>gressum</strong></span> <span class='ocrx_word' id='word_1_179' title='bbox 615 3533 661 3597; x_wconf 91' lang='lat' dir='ltr'><strong>vis</strong></span> <span class='ocrx_word' id='word_1_180' title='bbox 674 3557 759 3599; x_wconf 88' lang='lat' dir='ltr'><strong>saeva</strong></span> <span class='ocrx_word' id='word_1_181' title='bbox 776 3536 889 3601; x_wconf 92' lang='lat' dir='ltr'><strong>dolore</strong></span> <span class='ocrx_word' id='word_1_182' title='bbox 906 3557 1085 3622; x_wconf 88' lang='lat' dir='ltr'><strong>repressum</strong></span> <span class='ocrx_word' id='word_1_183' title='bbox 1098 3562 1106 3614; x_wconf 92' lang='lat'>;</span> 
     </span>
     <span class='ocr_line' id='line_1_29' title="bbox 302 3622 1195 3714; baseline 0.008 -28"><span class='ocrx_word' id='word_1_184' title='bbox 302 3622 446 3686; x_wconf 91' lang='lat' dir='ltr'><strong>Claudus</strong></span> <span class='ocrx_word' id='word_1_185' title='bbox 461 3622 515 3686; x_wconf 90' lang='lat' dir='ltr'><strong>vix</strong></span> <span class='ocrx_word' id='word_1_186' title='bbox 532 3623 610 3700; x_wconf 90' lang='lat' dir='ltr'><strong>ibas,</strong></span> <span class='ocrx_word' id='word_1_187' title='bbox 628 3623 684 3687; x_wconf 90' lang='lat' dir='ltr'><strong>sed</strong></span> <span class='ocrx_word' id='word_1_188' title='bbox 700 3637 732 3688; x_wconf 91' lang='lat' dir='ltr'><strong>et</strong></span> <span class='ocrx_word' id='word_1_189' title='bbox 747 3623 808 3688; x_wconf 90' lang='lat' dir='ltr'><strong>hoc</strong></span> <span class='ocrx_word' id='word_1_190' title='bbox 824 3640 898 3711; x_wconf 94' lang='lat' dir='ltr'><strong>post</strong></span> <span class='ocrx_word' id='word_1_191' title='bbox 913 3648 1015 3710; x_wconf 88' lang='lat' dir='ltr'><strong>pauca</strong></span> <span class='ocrx_word' id='word_1_192' title='bbox 1029 3627 1195 3714; x_wconf 86' lang='lat' dir='ltr'><strong>nequibas.</strong></span> 
     </span>
     <span class='ocr_line' id='line_1_30' title="bbox 301 3708 1008 3796; baseline 0.008 -24"><span class='ocrx_word' id='word_1_193' title='bbox 301 3708 388 3773; x_wconf 89' lang='lat' dir='ltr'><strong>Mox</strong></span> <span class='ocrx_word' id='word_1_194' title='bbox 403 3733 465 3795; x_wconf 91' lang='lat' dir='ltr'><strong>ope</strong></span> <span class='ocrx_word' id='word_1_195' title='bbox 481 3710 591 3775; x_wconf 90' lang='lat' dir='ltr'><strong>divina</strong></span> <span class='ocrx_word' id='word_1_196' title='bbox 606 3713 766 3796; x_wconf 85' lang='lat' dir='ltr'><strong>reparavit</strong></span> <span class='ocrx_word' id='word_1_197' title='bbox 782 3725 813 3776; x_wconf 88' lang='lat' dir='ltr'><strong>te</strong></span> <span class='ocrx_word' id='word_1_198' title='bbox 829 3714 1008 3790; x_wconf 83' lang='lat' dir='ltr'><strong>mediciua3</strong></span> 
     </span>
    </p>

    <p class='ocr_par' dir='ltr' id='par_1_14' title="bbox 303 3798 1104 3887">
     <span class='ocr_line' id='line_1_31' title="bbox 303 3798 1104 3887; baseline 0.005 -25"><span class='ocrx_word' id='word_1_199' title='bbox 303 3798 387 3862; x_wconf 91' lang='lat' dir='ltr'><strong>Cum</strong></span> <span class='ocrx_word' id='word_1_200' title='bbox 403 3812 434 3862; x_wconf 90' lang='lat' dir='ltr'><strong>te</strong></span> <span class='ocrx_word' id='word_1_201' title='bbox 450 3799 491 3862; x_wconf 92' lang='lat' dir='ltr'><strong>de</strong></span> <span class='ocrx_word' id='word_1_202' title='bbox 507 3799 593 3863; x_wconf 87' lang='lat' dir='ltr'><strong>caelis</strong></span> <span class='ocrx_word' id='word_1_203' title='bbox 612 3812 775 3884; x_wconf 87' lang='lat' dir='ltr'><strong>unguenta</strong></span> <span class='ocrx_word' id='word_1_204' title='bbox 790 3802 899 3866; x_wconf 90' lang='lat' dir='ltr'><strong>fovent</strong></span> <span class='ocrx_word' id='word_1_205' title='bbox 918 3801 1104 3887; x_wconf 73' lang='lat' dir='ltr'><strong>Raphaelis·</strong></span> 
     </span>
    </p>

    <p class='ocr_par' dir='ltr' id='par_1_15' title="bbox 302 3884 1106 3974">
     <span class='ocr_line' id='line_1_32' title="bbox 302 3884 1106 3974; baseline 0.004 -25"><span class='ocrx_word' id='word_1_206' title='bbox 302 3884 353 3949; x_wconf 90' lang='lat' dir='ltr'><strong>Te</strong></span> <span class='ocrx_word' id='word_1_207' title='bbox 367 3887 458 3970; x_wconf 91' lang='lat' dir='ltr'><strong>petit,</strong></span> <span class='ocrx_word' id='word_1_208' title='bbox 475 3887 600 3965; x_wconf 85' lang='lat' dir='ltr'><strong>affatur,</strong></span> <span class='ocrx_word' id='word_1_209' title='bbox 617 3888 737 3974; x_wconf 89' lang='lat' dir='ltr'><strong>palpat,</strong></span> <span class='ocrx_word' id='word_1_210' title='bbox 752 3889 856 3966; x_wconf 90' lang='lat' dir='ltr'><strong>docet,</strong></span> <span class='ocrx_word' id='word_1_211' title='bbox 874 3902 906 3953; x_wconf 92' lang='lat' dir='ltr'><strong>et</strong></span> <span class='ocrx_word' id='word_1_212' title='bbox 921 3890 1106 3954; x_wconf 89' lang='lat' dir='ltr'><strong>medicatur:</strong></span> 
     </span>
    </p>

    <p class='ocr_par' dir='ltr' id='par_1_16' title="bbox 301 3972 1009 4054">
     <span class='ocr_line' id='line_1_33' title="bbox 301 3972 1009 4054; baseline 0.007 -16"><span class='ocrx_word' id='word_1_213' title='bbox 301 3972 365 4051; x_wconf 92' lang='lat' dir='ltr'><strong>Tu,</strong></span> <span class='ocrx_word' id='word_1_214' title='bbox 382 3975 426 4037; x_wconf 89' lang='lat' dir='ltr'><strong>sic</strong></span> <span class='ocrx_word' id='word_1_215' title='bbox 443 3989 582 4053; x_wconf 86' lang='lat' dir='ltr'><strong>sanatus,</strong></span> <span class='ocrx_word' id='word_1_216' title='bbox 595 3989 708 4039; x_wconf 91' lang='lat' dir='ltr'><strong>sanato</strong></span> <span class='ocrx_word' id='word_1_217' title='bbox 725 3998 814 4040; x_wconf 87' lang='lat' dir='ltr'><strong>meos</strong></span> <span class='ocrx_word' id='word_1_218' title='bbox 827 3976 987 4043; x_wconf 87' lang='lat' dir='ltr'><strong>cruciatus</strong></span> <span class='ocrx_word' id='word_1_219' title='bbox 1000 4001 1009 4054; x_wconf 93' lang='lat'>;</span> 
     </span>
    </p>

    <p class='ocr_par' dir='ltr' id='par_1_17' title="bbox 305 4061 1125 4147">
     <span class='ocr_line' id='line_1_34' title="bbox 305 4061 1125 4147; baseline 0.004 -21"><span class='ocrx_word' id='word_1_220' title='bbox 305 4061 395 4136; x_wconf 83' lang='lat' dir='ltr'><strong>Quos</strong></span> <span class='ocrx_word' id='word_1_221' title='bbox 411 4062 551 4128; x_wconf 88' lang='lat' dir='ltr'><strong>tolerans</strong></span> <span class='ocrx_word' id='word_1_222' title='bbox 567 4064 673 4127; x_wconf 90' lang='lat' dir='ltr'><strong>anima</strong></span> <span class='ocrx_word' id='word_1_223' title='bbox 689 4065 819 4127; x_wconf 90' lang='lat' dir='ltr'><strong>detrusa</strong></span> <span class='ocrx_word' id='word_1_224' title='bbox 833 4079 987 4147; x_wconf 85' lang='lat' dir='ltr'><strong>gravatur</strong></span> <span class='ocrx_word' id='word_1_225' title='bbox 1004 4066 1036 4130; x_wconf 91' lang='lat' dir='ltr'><strong>in</strong></span> <span class='ocrx_word' id='word_1_226' title='bbox 1052 4068 1125 4131; x_wconf 90' lang='lat' dir='ltr'><strong>ima.</strong></span> 
     </span>
    </p>

    <p class='ocr_par' dir='ltr' id='par_1_18' title="bbox 302 4149 1139 4416">
     <span class='ocr_line' id='line_1_35' title="bbox 303 4149 1138 4244; baseline 0.008 -30"><span class='ocrx_word' id='word_1_227' title='bbox 303 4149 333 4214; x_wconf 94' lang='lat' dir='ltr'>N</span> <span class='ocrx_word' id='word_1_228' title='bbox 337 4151 357 4214; x_wconf 93' lang='lat' dir='ltr'><strong>il</strong></span> <span class='ocrx_word' id='word_1_229' title='bbox 373 4151 500 4235; x_wconf 85' lang='lat' dir='ltr'><strong>poenale</strong></span> <span class='ocrx_word' id='word_1_230' title='bbox 515 4151 616 4235; x_wconf 86' lang='lat' dir='ltr'><strong>magis</strong></span> <span class='ocrx_word' id='word_1_231' title='bbox 631 4151 792 4216; x_wconf 89' lang='lat' dir='ltr'><strong>scelerum·</strong></span> <span class='ocrx_word' id='word_1_232' title='bbox 803 4152 862 4216; x_wconf 94' lang='lat' dir='ltr'><strong>sub</strong></span> <span class='ocrx_word' id='word_1_233' title='bbox 878 4168 1008 4235; x_wconf 91' lang='lat' dir='ltr'><strong>pectore</strong></span> <span class='ocrx_word' id='word_1_234' title='bbox 1025 4155 1138 4244; x_wconf 89' lang='lat' dir='ltr'><strong>plagis.</strong></span> 
     </span>
     <span class='ocr_line' id='line_1_36' title="bbox 303 4237 1139 4308; baseline 0 -6"><span class='ocrx_word' id='word_1_235' title='bbox 303 4237 370 4303; x_wconf 87' lang='lat' dir='ltr'><strong>Fac</strong></span> <span class='ocrx_word' id='word_1_236' title='bbox 385 4252 421 4303; x_wconf 91' lang='lat' dir='ltr'><strong>ut</strong></span> <span class='ocrx_word' id='word_1_237' title='bbox 436 4241 477 4302; x_wconf 91' lang='lat' dir='ltr'><strong>ab</strong></span> <span class='ocrx_word' id='word_1_238' title='bbox 489 4237 536 4300; x_wconf 91' lang='lat' dir='ltr'><strong>bis</strong></span> <span class='ocrx_word' id='word_1_239' title='bbox 553 4237 674 4301; x_wconf 91' lang='lat' dir='ltr'><strong>morbis</strong></span> <span class='ocrx_word' id='word_1_240' title='bbox 690 4259 741 4302; x_wconf 88' lang='lat' dir='ltr'><strong>me</strong></span> <span class='ocrx_word' id='word_1_241' title='bbox 758 4251 848 4303; x_wconf 89' lang='lat' dir='ltr'><strong>sanet</strong></span> <span class='ocrx_word' id='word_1_242' title='bbox 862 4239 1021 4306; x_wconf 91' lang='lat' dir='ltr'><strong>Conditor</strong></span> <span class='ocrx_word' id='word_1_243' title='bbox 1036 4244 1139 4308; x_wconf 86' lang='lat' dir='ltr'><strong>orbis:</strong></span> 
     </span>
     <span class='ocr_line' id='line_1_37' title="bbox 302 4323 1059 4416; baseline 0.013 -26"><span class='ocrx_word' id='word_1_244' title='bbox 302 4325 378 4406; x_wconf 86' lang='lat' dir='ltr'><strong>Fac,</strong></span> <span class='ocrx_word' id='word_1_245' title='bbox 394 4345 501 4414; x_wconf 78' lang='lat' dir='ltr'><strong>rog03=</strong></span> <span class='ocrx_word' id='word_1_246' title='bbox 511 4323 537 4389; x_wconf 87' lang='lat' dir='ltr'><strong>si</strong></span> <span class='ocrx_word' id='word_1_247' title='bbox 549 4326 676 4411; x_wconf 82' lang='lat' dir='ltr'><strong>quaeris,</strong></span> <span class='ocrx_word' id='word_1_248' title='bbox 693 4345 771 4392; x_wconf 82' lang='lat' dir='ltr'><strong>mox</strong></span> <span class='ocrx_word' id='word_1_249' title='bbox 786 4327 902 4394; x_wconf 77' lang='lat' dir='ltr'><strong>edecta</strong></span> <span class='ocrx_word' id='word_1_250' title='bbox 918 4328 1059 4416; x_wconf 88' lang='lat' dir='ltr'><strong>potieris.</strong></span> 
     </span>
    </p>
   </div>
   <div class='ocr_carea' id='block_1_7' title="bbox 0 0 1461 5018">
    <p class='ocr_par' dir='ltr' id='par_1_19' title="bbox 0 0 1461 5018">
     <span class='ocr_line' id='line_1_38' title="bbox 0 0 1461 5018; baseline 0 0"><span class='ocrx_word' id='word_1_251' title='bbox 0 0 1461 5018; x_wconf 95' lang='lat' dir='ltr'><strong> </strong></span> 
     </span>
    </p>
   </div>
  </div>
 </body>
</html>
