2888 5018
448 463 558 515 auom
581 467 803 518 ‚nnmonunn
1151 454 1199 528 39

49 718 157 783 CAP.
174 716 247 781 XX
247 714 278 779 V
275 715 474 795 .-Quoiitcr
485 719 703 782 miraculorum
724 719 790 800 pus
804 721 947 783 recitator
961 726 991 783 et
1006 723 1194 802 compositor,

137 807 297 887 repentini
320 805 498 886 infirmitate
518 825 694 886 percussus,
719 815 789 870 onte
810 808 875 890 dus
903 808 1092 888 sepulchrum
1121 811 1195 873 drcm

140 900 247 956 oraret
254 894 388 956 dormire
401 895 499 971 capit,
512 895 565 956 sed
576 896 725 976 enipiions
736 915 798 958 sese
811 914 920 959 sanum
928 897 1041 976 recepit
1047 918 1061 969 ;
1077 903 1106 959 et
1115 899 1198 960 aiios

140 983 188 1045 od
198 981 254 1044 boc
266 1000 326 1060 per
340 1000 406 1043 cum
420 982 602 1058 admonitus,
618 985 689 1045 item
704 984 814 1046 ibidem
828 980 849 1046 d
863 985 925 1063 qut
939 985 1094 1047 bachatur
1107 986 1196 1067 irpir·

65 1083 71 1091 ·
140 1072 245 1132 mitcte
258 1069 464 1132 libcratuscst.

99 1239 344 1327 Ingratitudinis
360 1240 451 1324 argui
466 1240 507 1305 de
526 1241 600 1326 jure
615 1253 740 1326 potero,
758 1241 783 1304 si
799 1241 831 1305 in
846 1242 913 1308 aliis
929 1242 1090 1307 celebrata
1105 1241 1196 1327 signa

52 1331 210 1395 virtutum
226 1328 376 1406 scribens,
394 1328 511 1393 silentii
534 1329 644 1392 nubilo
667 1330 855 1394 obumbrem
877 1353 950 1417 quae
964 1352 1023 1414 per
1042 1331 1196 1394 Sanctum

55 1420 185 1505 Regem
211 1430 244 1482 et
269 1415 448 1503 Martyrem
476 1415 639 1480 Oswinum
665 1416 697 1479 in
719 1439 771 1481 me
794 1418 939 1482 exercuit
954 1416 1054 1482 virtus
1077 1416 1196 1481 divina.

55 1506 117 1572 Fui
132 1503 306 1593 aliquando
320 1526 379 1589 per
393 1526 511 1567 annum
526 1502 686 1589 integrum
702 1516 736 1568 et
752 1527 791 1569 eo
806 1503 940 1590 amplius
955 1508 988 1568 in
1003 1504 1141 1570 claustri
1156 1505 1198 1569 de

54 1591 288 1683 -Tynemudthb
302 1614 361 1676 pro
377 1590 478 1656 libero
493 1591 666 1656 voluntatis
688 1615 769 1656 meae
785 1591 928 1672 arbitrio,
945 1605 981 1657 ut
996 1591 1041 1659 ibi
1056 1604 1198 1658 semotus

60 1681 80 1746 ὲ
99 1679 233 1767 negotiis
256 1679 486 1758 ecclesiasticis,
511 1679 625 1767 quibus
644 1680 730 1765 apud
749 1682 901 1746 Sanctum
919 1681 1080 1746 Albanum
1095 1680 1200 1767 impli-

60 1770 163 1847 cabor,
181 1781 216 1834 et
230 1766 358 1833 liberius
370 1767 537 1832 commissa
548 1768 711 1846 deflerem,
725 1781 758 1833 et
774 1769 944 1835 scriberem
955 1770 996 1834 de
1008 1769 1065 1834 otii
1080 1769 1198 1834 indulti

58 1856 215 1924 beneficio
238 1855 420 1941 diligentius
444 1878 517 1957 quae
539 1857 645 1921 animo
661 1877 879 1942 conceperam.
927 1857 1073 1942 Contigit
1088 1869 1199 1921 autem

56 1945 89 2009 in
104 1944 297 2009 solennitate
315 1943 471 2022 Paschah,
488 1944 611 2022 morbo,
629 1967 725 2030 quem
743 1945 914 2030 vulgariter
928 1956 1054 2031 guttam
1070 1956 1198 2021 vocant,

55 2056 108 2099 me
123 2031 252 2118 gravam
266 2031 442 2110 molestius,
459 2032 490 2094 in
506 2033 544 2097 eir
566 2044 657 2116 parte
673 2032 814 2117 corporis
830 2032 893 2119 qui
908 2032 997 2118 spina
1012 2031 1099 2096 dorsi
1114 2031 1200 2096 reni·

54 2122 115 2188 bus
131 2119 347 2205 conjungitur.
395 2119 640 2208 Ingravescente
652 2140 729 2184 vero
745 2119 867 2199 dolore,
881 2121 995 2208 quarta
1004 2118 1200 2184 solennitatis

11 2248 14 2253 >
55 2221 154 2275 nocte
179 2208 262 2273 adeo
285 2207 430 2286 invaluit,
448 2220 484 2272 ut
507 2207 526 2271 ὲ
549 2207 705 2272 nocturni
719 2208 821 2272 sinaxi
843 2208 876 2271 in
898 2231 1066 2274 commune
1081 2207 1201 2293 persol-

56 2297 166 2363 venda
179 2318 231 2361 me
246 2309 513 2383 sequestrarerem
529 2296 630 2384 (sic).
678 2295 854 2382 Completis
870 2320 944 2362 vero
960 2309 1053 2361 extra
1067 2297 1201 2361 chorum

56 2398 94 2451 ut
120 2385 214 2470 potui
240 2383 353 2469 vigiliis
383 2383 489 2462 sacris,
514 2383 765 2448 intolerabilibus
786 2387 953 2470 pungebar
978 2383 1199 2470 stigmatibus3

59 2473 292 2560 impatiensque
315 2472 444 2550 doloris,
473 2472 630 2557 reptando
652 2472 757 2558 potius
784 2496 880 2560 quam
901 2473 1106 2552 ambulando,
1130 2495 1203 2559 per-

58 2561 136 2627 veni
150 2561 193 2626 ad
208 2561 352 2624 tumbam
371 2561 479 2624 Sancti
497 2559 660 2647 Martyris.
694 2561 737 2625 Et
752 2561 827 2647 quia
841 2584 900 2625 nec
915 2575 999 2626 stare
1014 2583 1073 2625 nec
1089 2560 1201 2624 sedere

59 2672 120 2715 nec
130 2649 240 2735 jacere
255 2671 321 2733 prae
337 2648 484 2733 augustii
502 2647 629 2733 spiritiis
647 2648 749 2735 potui,
767 2649 943 2713 volutando
962 2648 1007 2712 ibi
1026 2647 1200 2711 matutinos

60 2737 211 2824 gloriosae
230 2736 369 2825 Virginis
386 2735 501 2800 Mariae
516 2735 629 2800 anxius
645 2735 764 2800 exolvi.
812 2735 914 2799 Porro
933 2737 1052 2800 Sancto
1063 2733 1202 2820 Martyri

61 2848 106 2891 ex
120 2824 239 2891 affectu
254 2824 357 2889 cordis
380 2825 557 2888 confitebar
571 2823 659 2908 quod
673 2822 773 2908 culpis
788 2821 867 2887 meis
882 2821 1086 2911 exigentibus
1101 2820 1203 2906 patie-

60 2915 130 2993 bar,
156 2927 190 2978 et
214 2926 320 2977 tamen
344 2911 445 2996 magis
471 2909 686 2997 supplicabam
712 2932 770 2997 pro
797 2909 937 2995 corporis
963 2932 1058 2998 quam
1088 2908 1202 2973 animae

61 3002 208 3067 sanitate.
259 2999 346 3074 Quid
362 3001 488 3065 multa?
535 2997 668 3063 Cibatus
680 3021 762 3082 pane
774 2998 984 3077 lacrimarum,
1002 3010 1036 3062 et
1050 2996 1202 3062 orationis

63 3103 192 3177 potatus
208 3088 367 3167 instantii,
384 3088 426 3152 ad
441 3088 560 3152 lectum
582 3086 674 3164 redii,
692 3110 756 3151 non
772 3087 884 3152 crebro
899 3087 957 3152 sed
975 3086 1086 3151 dolore
1102 3084 1204 3150 conti-

62 3201 127 3243 nuo
139 3191 216 3242 tunc
229 3191 383 3254 tortus‚et
393 3175 490 3241 taedio
502 3173 655 3261 passionis
667 3175 779 3254 fessus,
785 3174 916 3240 tandem
931 3174 1111 3240 obdormui.
1136 3173 1202 3238 Sed

64 3266 97 3331 in
110 3265 202 3332 brevi
214 3264 378 3353 evigilans,
388 3263 485 3330 nichil
500 3262 656 3328 molestiae
672 3263 765 3328 sensi.
813 3263 967 3328 Itasimul
982 3275 1016 3327 et
1031 3276 1100 3327 tota
1115 3261 1205 3324 dissi·

64 3367 142 3441 pata
163 3366 213 3419 est
238 3366 341 3438 gutta,
358 3366 395 3417 ut
419 3375 478 3417 nec
498 3352 563 3416 ulla
585 3353 652 3436 ejus
676 3351 810 3437 vestigia
825 3351 875 3416 vel
897 3352 931 3415 iu
953 3351 1080 3416 renibus
1098 3349 1148 3414 vel
1172 3349 1204 3413 in

63 3442 153 3529 spinb
166 3441 253 3506 dorsi
268 3441 330 3505 mei
345 3440 564 3506 remanserint.
613 3440 752 3525 Surgens
768 3439 851 3518 ilico,
868 3439 923 3527 qui
938 3438 1040 3524 pridie
1055 3438 1204 3502 incurvus

64 3552 164 3609 eram,
180 3542 286 3595 rectus
309 3543 343 3593 et
365 3529 471 3593 alacer
492 3527 698 3604 incedebam3
722 3540 756 3592 et
774 3528 816 3591 ad
834 3527 1027 3592 celebranda
1045 3525 1162 3605 divina,
1186 3525 1205 3589 a

66 3620 180 3707 quibus
195 3640 253 3703 per
267 3617 409 3682 triduum
419 3638 586 3701 suspensus
601 3615 736 3693 fueram,
754 3614 882 3692 accessi,
898 3614 1084 3681 mirantibus
1099 3613 1206 3679 fratri-

66 3708 125 3771 bus
141 3718 175 3771 et
190 3704 307 3791 gratias
327 3706 446 3770 Sancto
463 3703 601 3789 Martyri
617 3703 797 3788 agentibus,
815 3703 869 3791 qui
884 3704 973 3767 velut
992 3702 1023 3767 in
1039 3703 1105 3767 ictu
1121 3700 1205 3766 oculi

66 3794 107 3861 de
122 3794 202 3860 dure
217 3807 284 3858 tam
299 3793 441 3871 detento,
459 3805 524 3856 tam
539 3806 722 3877 promptum
745 3791 787 3857 ad
809 3791 916 3856 omnia
930 3791 1121 3879 exequenda
1135 3787 1208 3853 red-

67 3882 160 3947 didit.
197 3881 276 3946 Post
291 3882 401 3967 elapso
415 3903 479 3944 non
494 3878 621 3944 modico
634 3893 789 3966 tempore,
806 3880 983 3965 aegrotabat
998 3878 1152 3968 quispiam
1165 3877 1206 3939 de

67 3970 250 4035 domesticis
265 3971 379 4033 nostris
394 3991 495 4056 usque
511 3968 552 4032 ad
567 3980 704 4032 mortem
717 3991 725 4044 ;
749 3980 783 4033 et
798 3965 953 4053 desperan
957 4016 1038 4034 ......
1041 3966 1114 4044 dici,
1131 3963 1206 4050 quia

65 4058 179 4127 mortis
205 4058 295 4143 signa
320 4057 352 4119 in
376 4068 553 4142 aegrotante
577 4078 729 4120 concurre
734 4103 900 4122 ............
904 4069 1012 4120 autem
1042 4054 1083 4119 ad
1113 4050 1207 4115 solitu

68 4145 255 4233 confugiens
271 4144 428 4231 praesidia,
449 4144 601 4208 Sanctum
620 4144 741 4230 Regem
746 4192 914 4211 ............
918 4144 1107 4227 deprecatus
1122 4160 1203 4215 sum,

68 4256 142 4299 cum
163 4234 365 4299 lacrimarum
386 4232 476 4297 uberi
495 4231 598 4317 gratid
612 4246 753 4297 remotus
769 4234 809 4297 ab
826 4255 844 4295 e
848 4279 971 4296 .........
975 4230 1023 4294 rio
1037 4250 1095 4313 per
1109 4225 1207 4311 pluri-

68 4344 195 4387 morum
210 4320 312 4407 spatia
327 4320 542 4397 miliariorum,
556 4331 588 4384 et
603 4321 763 4386 convaluit
779 4342 865 4406 aeger
881 4318 932 4386 die
947 4314 1135 4405 qu...limeri
1151 4336 1208 4379 ne-

68 4410 204 4476 cessaria
218 4409 356 4475 officiose
371 4409 640 4493 praeparabantur.
