2888 5018
432 396 570 450 suurn
596 395 835 449 cursuram.
1098 413 1101 420 ·
1154 382 1203 468 87

55 585 174 630 revera
192 559 338 649 quisquis
364 561 507 644 ipsorum
534 559 710 624 sanctitatis
729 560 864 650 vestigia
878 576 1023 640 noverat,
1041 564 1082 628 de
1097 565 1204 629 verbis

53 653 187 717 illorum
203 662 235 714 et
249 649 391 712 veritatis
406 650 637 732 protestatione
652 647 800 712 dubitare
815 672 880 713 non
898 662 1035 734 poterat.
1070 652 1206 716 Sanctus

56 739 210 840 equidem
239 735 427 799 Malachias·
445 737 514 823 regi
542 735 648 799 David
678 736 863 801 Scottorum
888 759 984 822 quam
1009 739 1150 823 plurima
1164 741 1205 803 de

56 827 121 893 hirs
146 823 267 900 retulit,
293 835 326 886 et
354 822 524 886 Mauritius
541 845 705 886 successor
720 825 788 910 ejus
806 825 1077 910 Archiepiscopus
1092 826 1205 890 cadem

57 914 269 1002 postmodum
293 911 496 974 confidenter
511 909 659 985 astruxit,
677 909 793 996 quibus
810 910 973 999 Eugenius
992 913 1206 977 Hardmoniae

59 1004 243 1088 Episcopus
253 998 402 1096 quaedam
412 997 592 1063 distinctius
607 1000 779 1073 annexuit3
803 999 860 1062 sed
876 1014 908 1063 et
920 1000 985 1063 duo
996 999 1050 1063 alii
1065 1001 1207 1086 episcopi

58 1111 197 1178 quorum
218 1090 286 1173 jam
303 1109 435 1149 nomina
450 1085 650 1161 exciderunt,
669 1108 820 1150 unacum
837 1086 929 1150 sociis
953 1087 1094 1171 ipsorum
1118 1111 1209 1173 pres-

58 1178 181 1264 byteris
204 1188 238 1238 et
250 1172 372 1238 clericis
389 1174 449 1237 sub
472 1174 602 1236 diverso
618 1186 764 1259 tempore
787 1175 903 1237 uostris
920 1176 1050 1239 uberius
1074 1178 1106 1239 iu
1123 1175 1208 1238 auri-

60 1267 121 1330 bus
145 1262 342 1326 infuderunt.
391 1260 494 1324 Fuere
519 1263 614 1324 etiam
638 1260 785 1324 nonnulli
808 1261 1013 1345 quamplures
1037 1275 1069 1325 et
1099 1263 1207 1326 caeteri

59 1354 115 1441 qui
128 1352 199 1415 haec
214 1364 247 1414 et
263 1349 326 1413 alia
341 1347 381 1411 de
397 1350 468 1432 ipso
483 1370 584 1432 penes
600 1370 659 1410 nos
675 1347 760 1410 soliti
783 1347 909 1410 fuerant
925 1348 1108 1426 contestari,
1126 1371 1206 1434 quo-

59 1462 133 1504 rum
159 1437 284 1525 singula
310 1435 434 1521 paginis
449 1435 571 1512 videre,
604 1436 735 1498 modum
756 1433 889 1498 rationis
909 1435 1020 1498 fuisset
1036 1437 1206 1499 excedere.

63 1528 165 1594 Unde
180 1524 357 1609 exemplari
373 1537 485 1587 nostro
507 1522 665 1610 quosdam
680 1524 795 1586 florum
812 1522 993 1606 manipulos
1015 1522 1206 1588 inseruimus

60 1630 95 1680 et
112 1613 253 1679 tunicam
271 1611 423 1675 virtutum
447 1609 663 1695 polimitarem
691 1611 792 1674 Beato
810 1610 989 1674 Cuthberto
1007 1611 1047 1674 de
1071 1625 1119 1676 tot
1133 1634 1207 1696 pro-

60 1702 214 1768 babilium
239 1697 427 1764 testimoniis
450 1697 672 1786 compegimus
696 1711 729 1762 ct
752 1697 959 1761 intexuimus·
1009 1697 1092 1762 Haec
1107 1699 1208 1788 igitur

59 1791 103 1855 ad
119 1790 274 1855 honorem
290 1802 322 1851 et
337 1785 472 1869 gloriam
490 1785 671 1851 Beatissimi
688 1785 864 1851 Cuthberti
888 1785 1119 1870 descripsimus,
1134 1811 1206 1874 quae

60 1879 90 1944 ei
111 1878 179 1941 fore
194 1890 287 1961 grata
313 1874 503 1938 munuscula
526 1874 734 1959 postulemus.
781 1875 863 1961 Age,
881 1895 970 1955 erga,
991 1873 1090 1938 Beate
1109 1875 1207 1938 Pater

61 1967 254 2042 Cuthberte,
271 1963 358 2048 apud
375 1962 483 2025 Deum
493 1961 616 2046 jugiter
632 1976 664 2025 et
680 1962 726 2026 tui
742 1963 835 2047 egeni
852 1960 964 2023 miselli
977 1963 1128 2024 continue
1141 1985 1207 2025 me-

61 2076 133 2118 mor
155 2073 225 2116 esse
248 2050 382 2140 dignare
396 2049 543 2122 feliciter,
568 2064 601 2112 et
618 2048 678 2116 tuis
703 2047 921 2111 sacratissimis
937 2049 1201 2133 procumbentem

58 2140 228 2206 lacrimose
252 2137 404 2226 vestigiis,
422 2160 486 2201 una
502 2150 608 2200 tecum
623 2136 747 2223 gaudiis
764 2135 867 2198 insere
881 2136 1093 2220 sempiternis.
1137 2136 1206 2201 Ubi

60 2250 188 2314 semper
212 2225 290 2290 vivis
314 2239 347 2290 et
366 2225 516 2312 gloriaris
532 2224 693 2311 ingloria,
713 2222 835 2288 Christi
850 2223 992 2287 cohaeres
1007 2225 1131 2310 gratiae,
1148 2246 1206 2308 per

60 2318 241 2383 seculorum
258 2314 365 2378 secula
379 2313 515 2377 infinita.
561 2314 680 2377 Autan.
726 2313 869 2394 Explicit
878 2313 1017 2376 Libellus
1032 2315 1069 2376 de
1080 2313 1206 2376 Nativi-

59 2414 122 2471 tcte
133 2406 238 2470 Sancti
255 2403 422 2468 cathem.
