2888 5018
588 387 824 440 CUTHBERTI.

263 552 363 618 Hanc
378 551 529 618 adeundo
541 553 658 638 pedem
673 574 751 617 mox
761 550 863 638 liquet
879 551 1022 638 corporis
1038 554 1154 624 aedem.

261 641 323 719 Te,
341 641 522 707 venerande
536 654 639 727 pater,
656 639 831 704 formidans
847 640 977 725 spiritus
993 653 1062 707 ater

263 728 412 794 Territus
427 730 593 794 absentem
609 742 641 794 te
657 729 740 816 fugit
755 727 1037 812 signi-potentem3

262 816 334 882 Nec
350 819 424 882 tulit
440 816 628 895 adventurn,
644 829 742 903 pavet
756 816 827 881 haec
844 838 902 881 ceu
918 817 1054 882 verbera
1068 829 1207 885 centurn.

264 904 318 970 Fit
332 906 447 971 mulier
461 928 582 992 sospes,
598 906 687 969 venit
698 906 805 981 obvia,
821 904 953 990 suscipit
967 905 1105 993 hospes3

265 993 309 1057 Et
325 1007 357 1058 te
373 993 516 1072 miratur,
533 994 653 1071 laudat,
671 993 777 1071 servit,
794 1005 980 1058 veneratur.

264 1079 324 1145 Vir
337 1081 392 1168 pie
406 1082 571 1160 virtutum,
591 1081 712 1147 Christi
727 1081 824 1148 michi
840 1083 965 1167 poscito
981 1095 1094 1148 nutum
1108 1107 1117 1161 3

268 1167 317 1234 Ut
332 1192 384 1234 me
400 1170 565 1248 defendat,
578 1193 638 1234 nec
650 1168 752 1254 culpis
768 1169 801 1234 di
826 1191 867 1234 na
882 1171 1060 1253 rependat:

267 1256 402 1321 Coelitus
418 1259 564 1342 adjutum
580 1257 741 1323 custodiat
752 1193 895 1343 undique
910 1269 1036 1334 tutum3

260 1343 311 1409 Nc
325 1344 452 1432 patiens
469 1345 540 1412 dira
554 1344 679 1423 lacerer
694 1342 824 1410 tortoris
841 1345 882 1409 ab
897 1343 955 1410 ira.

236 1707 353 1786 [CAP.
372 1706 409 1772 X
411 1707 439 1774 V
439 1708 606 1790 .]-Quod
619 1708 718 1791 siquis
732 1714 762 1772 ct
773 1709 935 1773 uirtutibru
950 1708 1067 1774 clarior
1076 1709 1190 1791 fuerit.

269 1957 354 2025 Hinc
370 1956 468 2024 animi
485 1957 575 2023 testis
591 1958 757 2047 signorum
772 1959 875 2046 gratia
889 1958 987 2048 gestis

269 2048 381 2114 Crevit
392 2046 425 2111 in
440 2068 480 2112 au
506 2059 659 2125 mentum,
676 2067 734 2131 per
748 2057 781 2111 te
796 2048 957 2112 medicina
971 2047 1135 2114 dolentum
1149 2073 1158 2126 3

269 2135 389 2209 Orans,
406 2072 597 2220 praedicens,
614 2156 767 2219 praesens,
785 2133 911 2213 absens,
928 2135 1131 2218 benedicens,

269 2222 506 2302 Exorcizando,
524 2223 624 2287 verbo
641 2221 733 2286 simul
749 2222 972 2307 imperitando,

268 2311 366 2376 Pellis
381 2312 564 2398 languoreS,
581 2309 695 2387 larvas,
709 2310 787 2388 fera,
805 2325 959 2391 monstra,
976 2312 1117 2378 furores:

267 2399 394 2465 Doctor
410 2422 505 2485 quam
523 2399 676 2486 magnus!
700 2399 806 2484 gravis
821 2398 883 2477 his,
900 2399 950 2464 his
965 2400 1049 2467 mitis
1065 2415 1101 2466 ut
1116 2425 1217 2490 agnus
1226 2426 1236 2481 3

270 2486 392 2553 Virtuti
408 2502 513 2565 natuS,
525 2487 642 2571 justus,
659 2488 743 2573 pius,
761 2500 793 2553 et
808 2489 1014 2565 moderatus3

267 2577 373 2660 Asper
387 2575 545 2662 peccanti,
562 2575 700 2639 blandus
714 2575 824 2661 culpas
840 2577 1004 2655 reseranti,

267 2662 399 2729 Justitia
410 2664 521 2742 ferves,
538 2675 575 2728 ut
586 2661 710 2728 cunetis
726 2685 871 2744 congrua
885 2687 992 2729 serves
1001 2688 1010 2741 3

270 2751 378 2816 Corde
392 2750 447 2836 pio
462 2773 584 2829 manas,
601 2751 758 2816 scelerum
774 2755 820 2815 sic
833 2750 967 2816 vulnera
982 2772 1074 2815 sanas
1087 2774 1096 2827 3

271 2839 365 2923 Saepe
377 2839 506 2927 quidem
522 2854 630 2904 suetus
646 2837 791 2925 peccanti
806 2837 942 2904 fundere
957 2839 1072 2913 fletus3

273 2926 393 3011 Culpas
408 2929 576 3006 ulciscens,
593 2927 651 2992 tibi
666 2927 742 2991 dum
759 2925 871 3011 pandit
884 2926 1084 3011 resipiscens,

271 3013 349 3079 Fers
365 3017 609 3094 contendentes,
626 3016 743 3101 pateris
755 3028 787 3080 te
803 3037 867 3078 non
882 3016 1063 3100 patientes3

271 3100 398 3168 Probra
411 3103 544 3168 ferendo
561 3115 656 3182 taces,
673 3101 838 3190 vineisque
854 3102 992 3167 tacendo
1007 3103 1157 3190 loquaces
1171 3123 1179 3176 3

271 3188 324 3256 Sic
338 3189 417 3313 facisb
430 3190 574 3313 imbellep
586 3191 645 3257 tibi
660 3213 804 3318 qupsque
815 3190 949 3312 sepeudo
965 3190 1112 3319 rebelles.

398 3369 417 3406 ἢ
550 3368 568 3402 ἢ
701 3366 719 3401 R
853 3368 871 3401 ἥ
1005 3367 1023 3404 ἦ

273 3454 382 3520 Horas
395 3454 508 3520 orandi
521 3455 702 3540 producens
718 3467 751 3519 et
766 3453 929 3543 vigilandi,

270 3542 385 3628 Jungis
400 3555 573 3631 noctesque
584 3542 745 3629 precibus,
762 3564 835 3606 cum
851 3555 947 3607 nocte
963 3540 1114 3630 diesque:

272 3630 395 3697 Noctes
410 3655 470 3718 per
485 3644 592 3697 ternas
605 3646 640 3696 tu
656 3652 784 3717 pernox
800 3629 866 3693 sive
881 3641 1052 3716 quaternas

273 3719 357 3784 Cum
373 3720 516 3785 celebras
531 3719 641 3783 missas
658 3732 722 3782 stas
738 3717 868 3782 victima
883 3721 986 3783 iactus
1002 3720 1042 3784 ad
1059 3719 1154 3806 ipsas.

273 3807 467 3872 Transfusus
483 3806 563 3873 votis
578 3806 690 3894 procul
707 3829 727 3870 a
742 3805 856 3870 tellure
871 3805 1013 3886 remotis,

275 3895 404 3962 Christo
419 3895 577 3974 macteris,
596 3916 719 3959 sursum
735 3915 790 3958 cor
805 3893 927 3958 habens
943 3895 1137 3973 lacrimaris3

275 3984 342 4049 Cor
357 3985 457 4070 magis
473 3983 594 4049 exaltas
610 4005 707 4070 quam
725 4004 820 4047 voces
836 3982 975 4070 gutturis
991 3985 1095 4060 altas3

275 4071 375 4136 Sacra
389 4071 490 4161 magis
505 4071 750 4157 flendoperagis
767 4091 862 4157 quarn
879 4070 973 4136 dulce
989 4072 1154 4138 canendo:

272 4157 408 4224 Talibus
424 4172 457 4225 et
472 4159 569 4225 tantis
586 4156 776 4244 complexus
783 4161 872 4245 jussa
888 4159 1031 4224 tonantis

275 4246 449 4314 Perversos
463 4247 576 4326 flectis,
593 4259 625 4313 et
641 4269 786 4334 quosque
801 4246 903 4312 bonos
917 4246 975 4311 tibi
991 4249 1102 4312 nectis.

274 4333 352 4408 rac.
368 4337 419 4403 vir
434 4334 568 4419 virtutis,
585 4356 700 4425 sequar
711 4333 782 4404 haec
798 4333 947 4424 exempla
962 4332 1089 4403 salutisr
