2888 5018
524 415 663 468 sxucrr
689 415 927 469 cornutum.
1245 399 1292 471 81

147 581 348 651 Cuthbertus
363 580 428 646 suis
443 579 541 645 sacris
555 579 707 666 precibus
718 580 761 645 de
772 601 851 666 rupe
861 578 1031 644 durissime
1040 578 1161 646 fontem
1173 583 1293 663 elicuit,

145 673 204 759 qui
219 693 320 758 usque
332 671 365 733 in
376 689 519 756 praesens
531 690 629 756 aquas
642 668 821 753 perhennes
835 688 985 732 emanare
995 690 1060 732 uon
1076 667 1203 735 desinit.
1227 672 1295 748 Qui

145 762 194 824 sic
221 758 410 823 moderante
433 757 637 842 providentia
652 756 760 820 divina
771 759 866 842 juges
882 778 981 842 aquas
997 753 1109 833 effluit,
1127 779 1169 822 ne
1183 759 1293 823 usibus

144 845 396 911 inhabitantium
424 844 611 929 superfluat,
637 843 694 908 sed
719 865 824 930 neque
849 842 1070 908 haurientibus
1085 844 1180 930 copia
1202 845 1295 912 desit.

148 934 253 1021 Cujus
283 955 349 997 non
364 932 468 1018 major
488 943 536 996 est
556 930 695 995 latitudo
714 954 810 1018 quam
825 953 909 1017 pene
924 929 1081 1016 bipedalis
1096 932 1131 996 in
1146 954 1297 1019 suprema

146 1025 219 1110 ejus
244 1021 424 1105 superficie,
451 1041 549 1106 quem
564 1017 646 1104 lapis
669 1017 893 1104 praegrandior
906 1017 991 1082 illius
1014 1017 1112 1083 fontis
1124 1042 1160 1084 os
1174 1023 1295 1109 jugiter

145 1109 367 1195 superpositus
391 1109 505 1193 operit,
530 1127 626 1193 quem
653 1106 789 1171 Sanctus
805 1104 869 1170 Dei
885 1106 933 1170 ori
959 1104 1058 1170 fontis
1078 1108 1294 1195 superposuit.

150 1198 248 1284 Aqua
262 1218 339 1260 vero
360 1195 443 1260 illius
466 1195 541 1259 satis
557 1194 598 1257 ad
645 1195 817 1258 ustandum
832 1193 985 1258 dulciflua
1006 1207 1039 1259 et
1061 1197 1294 1278 aegrotantibus

146 1284 323 1370 plurimum
345 1282 456 1369 sapida
471 1297 568 1369 atque
590 1218 832 1346 salutiferafore
852 1281 1019 1366 probatur.
1066 1281 1110 1345 Et
1134 1285 1209 1370 quia
1223 1284 1295 1348 fons

146 1372 203 1436 ille
212 1371 387 1457 peranrplae
396 1371 532 1434 interius
543 1367 731 1446 latitudinis,
743 1369 838 1432 simul
847 1380 880 1432 et
890 1368 964 1432 altae
973 1368 1199 1453 profunditatis
1211 1393 1294 1435 sem·

147 1482 272 1547 perque
288 1481 388 1544 usque
404 1457 446 1522 ad
458 1479 618 1522 summum
630 1455 891 1520 indeficientibus
900 1454 1016 1540 plenus
1026 1469 1075 1520 est
1083 1459 1191 1543 aquis:
1209 1460 1293 1524 unde

147 1559 197 1612 est
214 1545 338 1634 quodsi
354 1546 426 1632 quis
441 1543 580 1624 lapidem
593 1543 785 1629 praedictum
798 1542 922 1607 afontis
933 1566 988 1607 ore
999 1544 1173 1622 sustulerit,
1186 1548 1295 1612 statim

147 1657 233 1721 aqua
255 1633 411 1698 ebulliens
428 1631 650 1717 supereffluit,
668 1646 700 1697 et
716 1630 907 1695 violentibus
920 1631 1013 1695 undis
1029 1644 1129 1696 metas
1142 1634 1294 1724 marginis

147 1723 209 1786 sub
222 1720 374 1806 temporis
397 1736 562 1785 momento
578 1741 676 1805 super
696 1717 834 1783 excedit.
883 1718 1033 1784 Festinus
1055 1719 1194 1805 proinde
1210 1725 1296 1809 quis-

147 1809 219 1896 quis
244 1831 341 1895 aquas
372 1830 446 1872 cum
469 1806 620 1884 hauserit,
647 1806 785 1893 lapidem
808 1820 951 1870 amotum
967 1806 1040 1871 loco
1065 1809 1164 1892 priori
1188 1809 1296 1876 locare

146 1897 296 1974 intendit,
321 1895 396 1985 quia
421 1897 517 1982 juxta
535 1896 622 1982 quod
640 1895 773 1959 tradunt
797 1893 909 1972 Scotti,
927 1893 953 1957 si
984 1894 1064 1979 lapis
1091 1895 1211 1960 diutius
1237 1913 1293 1964 aut

147 1984 274 2070 penitus
289 1998 416 2049 amotus
431 1984 553 2060 lirisset,
567 1982 654 2046 unda
668 1981 826 2047 ebulliens
842 2003 970 2046 omnem
988 1983 1173 2047 Scottorum
1188 1985 1294 2072 regio-

148 2094 223 2137 nem
237 2095 393 2159 aquarum
408 2071 598 2136 inundantia
612 2070 765 2155 operiret.

323 2382 442 2465 [CAP.
463 2381 566 2449 XXV
565 2376 828 2464 .]-Mt‘racalum
843 2381 939 2447 Beati
955 2381 1120 2453 catham

194 2606 378 2676 Solitariam
394 2604 491 2696 igitur
514 2605 559 2670 ibi
583 2604 650 2670 viro
675 2603 739 2670 Dei
761 2605 859 2670 vitam
882 2620 1010 2692 agente,
1028 2610 1125 2694 coepit
1140 2615 1169 2677 ei
1193 2614 1292 2682 hostis

148 2711 313 2763 tortuosus
325 2718 364 2761 eo
373 2695 467 2760 altius
477 2693 622 2758 invidere
633 2715 698 2780 quo
708 2692 815 2757 locum
827 2694 896 2779 ejus
908 2696 1149 2762 conversatione
1162 2702 1292 2768 solitum

147 2786 199 2867 illi,
212 2784 390 2850 conabatur
404 2783 555 2867 arripere.
606 2779 704 2854 Quod.
719 2780 891 2844 advertens
908 2780 955 2844 vir
972 2782 1046 2858 Dei,
1063 2805 1190 2850 crucem
1203 2811 1292 2877 mag-

147 2895 222 2938 nam
237 2870 399 2959 lapideam
413 2871 446 2933 in
462 2869 569 2935 media
583 2869 701 2933 montis
716 2867 852 2951 planicie
864 2867 975 2946 erexit,
987 2883 1020 2934 et
1031 2869 1113 2936 adeo
1124 2873 1157 2935 in
1167 2874 1292 2942 sullime

148 2961 275 3039 extulit,
291 2959 381 3045 quod
403 2959 466 3022 uisi
481 2979 541 3043 per
555 2955 673 3046 gradus
697 2955 777 3019 adiri
793 2977 858 3019 non
873 2957 991 3039 possit:
1016 2958 1192 3026 oratorium
1214 2986 1292 3029 vero

148 3049 208 3113 sibi
218 3049 260 3113 de
283 3047 377 3132 lignis
400 3044 590 3109 informibus
613 3041 783 3120 exstruxit,
800 3056 833 3107 et
846 3055 960 3128 postea
976 3067 1028 3109 vas
1043 3048 1206 3132 quoddam
1224 3052 1290 3116 bal-

147 3137 293 3201 nearium
308 3134 350 3199 de
361 3132 469 3219 lapide
484 3134 612 3214 integro
621 3130 680 3194 sibi
696 3131 873 3208 fabricavit,
887 3131 975 3218 quod
985 3156 1050 3197 non
1063 3134 1159 3220 longe
1169 3161 1188 3201 a
1197 3160 1291 3206 cruce

147 3224 303 3310 praedicta
325 3222 454 3288 locavit.
505 3218 543 3283 ln
559 3242 634 3306 quo,
662 3231 699 3282 ut
720 3231 876 3296 asserunt,
900 3242 984 3306 aqua
1006 3222 1149 3306 impleto,
1174 3225 1293 3293 intrare

148 3311 324 3388 consuevit,
348 3322 380 3373 et
402 3309 447 3372 ibi
469 3320 581 3371 noctes
605 3308 788 3391 insompnes
811 3307 843 3370 in
867 3310 959 3394 aquis
974 3308 1097 3392 frigidis
1113 3310 1243 3394 ducere,
1261 3331 1293 3382 et

148 3397 295 3463 manibus
306 3399 339 3462 in
354 3396 469 3460 caelum
487 3393 655 3479 protensis,
673 3393 824 3478 evigilare
841 3416 941 3481 usque
957 3396 999 3460 ad
1015 3394 1192 3464 diluculum
1215 3420 1291 3469 ante

149 3485 284 3550 Domini
299 3483 423 3549 orando
438 3493 646 3566 conspectum
661 3483 716 3568 qui
732 3480 808 3547 fecit
822 3481 922 3550 illum.
959 3481 1058 3555 Quod
1071 3506 1123 3548 vas
1139 3488 1245 3554 adhuc
1257 3495 1290 3556 in

148 3573 264 3637 montis
279 3573 398 3636 vertice
414 3582 593 3655 permanet,
607 3582 640 3632 et
652 3568 872 3654 spectaculum
884 3568 1182 3640 multaedevotionis
1194 3600 1291 3644 cunc-

148 3661 187 3724 tis
214 3659 414 3725 intuentibus
443 3657 577 3743 praebet.
625 3656 754 3732 Quibus
785 3658 853 3742 ejus
884 3655 943 3739 piis
969 3658 1121 3742 operibus
1143 3662 1292 3733 diabolus

148 3749 287 3813 atrocius
311 3746 468 3824 invidens,
499 3768 554 3809 vas
578 3742 637 3808 sibi
665 3743 752 3807 aliud
768 3743 931 3827 lapideum
954 3743 986 3808 in
1003 3746 1146 3832 ejusdem
1171 3755 1289 3818 montis

147 3835 318 3921 supercilio
327 3832 443 3911 effecit,
453 3834 543 3920 quasi
553 3831 617 3896 Dei
629 3853 722 3895 servo
731 3830 895 3906 illusurus3
912 3830 1131 3899 habitaculum
1143 3838 1295 3908 balneare

147 3921 339 3989 construxit.
386 3922 451 3987 Sed
464 3920 628 3985 vasculum
646 3919 757 3985 Sancti
773 3918 948 3984 moderatae
960 3934 1010 3986 est
1022 3923 1218 4010 quantitatis,
1237 3951 1292 3994 vas

148 4033 226 4076 vero
241 4008 413 4076 adversarii
429 4008 649 4093 incompositae
664 4021 698 4070 et
712 4007 852 4071 enormis
867 4008 1105 4096 magnitudinis.
1140 4012 1291 4088 Quadam

147 4098 286 4187 denique
302 4097 355 4163 die
371 4096 418 4160 vir
433 4095 497 4161 Dei
510 4093 728 4160 colluctatoris
743 4093 792 4158 sui
803 4094 931 4159 inimica
946 4097 1156 4162 contubernia
1170 4100 1290 4169 diutius

147 4186 305 4252 sustinere
317 4185 431 4262 noluit,
447 4183 522 4271 quia
537 4183 620 4247 inter
635 4204 762 4248 servum
779 4182 842 4246 Dei
857 4197 890 4248 et
908 4184 1010 4248 Belial
1027 4185 1115 4248 nulla
1125 4207 1293 4257 conversa-

148 4276 194 4340 tio
209 4297 280 4340 esse
294 4272 410 4359 potuit,
427 4272 544 4337 fustem
559 4270 783 4359 praegrandem
799 4271 889 4357 quasi
910 4272 1018 4357 palum
1036 4271 1163 4336 fullonis
1178 4278 1294 4366 arripi-

147 4383 203 4430 eus
218 4375 252 4430 et
262 4360 389 4428 hostem
404 4357 586 4448 insequens,
602 4357 645 4426 de
659 4357 733 4424 loco
747 4357 781 4423 in
796 4357 903 4425 locum
918 4356 1009 4426 illum
1024 4357 1158 4446 pepulit,
1174 4373 1208 4431 et
1219 4384 1292 4453 per.
