2888 5018
371 1306 656 1386 LIBELLUS
687 1308 762 1386 DE
795 1309 963 1405 ORTU,
992 1342 1077 1396 unc.

324 1779 443 1863 Incipit
463 1780 619 1860 Praeffltic
645 1783 683 1844 de
705 1791 774 1846 oruc
797 1784 905 1850 Sancti
935 1786 1100 1853 cuthberti.

148 1985 233 2050 Com
259 2004 318 2068 per
344 2004 444 2046 annos
468 1984 625 2069 plurimos
649 2005 777 2047 mecum
792 1984 950 2048 secrecius
966 1985 1139 2062 volverem,
1156 1985 1235 2072 quid
1255 1987 1299 2053 ad

146 2072 308 2138 honorem
324 2072 497 2135 venerandi
512 2071 612 2157 patris
627 2070 799 2135 Cuthberti
815 2072 879 2136 stili
894 2075 1048 2137 memoria
1063 2086 1297 2158 perpetuarem,

147 2185 186 2227 eo
210 2160 324 2247 spiritu
347 2160 578 2225 vehementiori
601 2158 736 2224 efferbui
752 2184 816 2247 quo
832 2161 939 2248 aliqua
954 2162 1059 2227 altiori
1075 2161 1175 2250 digna
1189 2165 1295 2229 relatu

147 2251 291 2314 adiscere
315 2249 495 2334 concupivi.
554 2249 713 2332 Perplura
742 2250 859 2313 etenim
881 2252 1044 2329 miracula,
1072 2265 1206 2338 propter
1229 2257 1296 2340 ejus

146 2337 263 2403 merita
284 2337 451 2422 praeclara,
470 2337 534 2401 Dei
556 2336 702 2422 potentia
722 2335 755 2400 in
781 2340 966 2425 regionibus
982 2339 1116 2404 diversis
1132 2341 1294 2421 effecerat,

147 2449 220 2514 quae
235 2448 332 2490 nemo
348 2426 502 2490 hactenns
517 2425 643 2511 scriptis
656 2439 798 2504 exarata,
811 2428 976 2493 memoriae
989 2429 1191 2516 sequentium
1209 2453 1297 2494 com-

147 2515 310 2592 mendata,
336 2515 518 2600 reliquerat.
581 2513 664 2587 Quae
688 2515 874 2602 diligentius
898 2517 1101 2606 investigans,
1120 2530 1163 2596 et,
1180 2519 1295 2598 abeis,

147 2603 202 2690 qui
224 2627 263 2668 ea
285 2602 434 2666 viderant
458 2618 490 2666 et
513 2604 698 2679 intererant,
716 2603 885 2668 sollicicius
901 2629 940 2670 ea
955 2606 1140 2692 explorans
1157 2628 1296 2692 quaeque

146 2691 246 2775 digna
268 2689 374 2754 cordis
398 2691 570 2754 armariolo
593 2691 832 2767 recondebam3
860 2705 893 2755 et
916 2695 949 2756 in
975 2693 1129 2775 opuscula
1144 2692 1295 2776 quaedam

146 2779 292 2844 intexere
317 2779 548 2862 proponebam.
598 2778 649 2840 De
674 2778 789 2863 quibus
805 2794 979 2864 utcunque,
996 2778 1107 2842 libello
1131 2777 1293 2857 confecto,

147 2869 258 2932 amicis
282 2865 419 2930 ostendi.
467 2866 557 2930 Inter
578 2865 648 2928 haec
671 2865 755 2928 forte
779 2867 1007 2950 opusculorum
1025 2865 1130 2929 studia
1146 2865 1295 2950 quaedam

146 2953 412 3043 quaterniuncula
426 2954 459 3017 in
475 2954 622 3018 manibus
634 2951 756 3026 incidit,
774 2976 846 3039 quae
861 2952 1063 3017 nativitatem
1081 2952 1173 3018 Beati
1192 2953 1294 3017 Cuth-

145 3044 229 3108 berti
254 3043 287 3105 in
312 3041 496 3128 Hyberniae
512 3041 664 3126 partibus,
686 3042 777 3128 regio
793 3042 887 3105 simul
910 3055 941 3106 et
955 3064 1115 3130 generoso
1130 3041 1294 3128 quondam

147 3131 265 3196 semine
292 3149 516 3216 propagatam,
540 3130 688 3214 exposuit
698 3153 706 3204 3
731 3142 764 3193 et
784 3130 921 3215 qualiter
935 3132 976 3194 ad
993 3129 1123 3214 Angliae
1139 3130 1221 3193 fines
1236 3150 1294 3213 ap-

145 3220 295 3306 plicuerit
323 3219 355 3281 in
382 3219 649 3304 subsequentibus
676 3218 751 3282 satis
782 3218 945 3283 evidenter
972 3219 1126 3283 ostendit.
1172 3216 1294 3280 Beatus

146 3308 266 3373 interea
292 3318 383 3391 pater
407 3307 617 3384 Cuthbertus,
635 3307 718 3370 votis
743 3306 894 3372 desiderii
917 3308 1017 3371 nostri
1031 3302 1241 3390 propiciatus
1257 3317 1294 3368 ut

146 3395 292 3474 arbitror,
319 3394 392 3480 pius
419 3393 524 3457 illuxit
536 3419 545 3471 3
577 3395 652 3480 quia
676 3417 774 3458 sacrae
799 3395 959 3480 opinionis
984 3408 1016 3458 et
1041 3394 1294 3457 conversationis

147 3485 250 3549 virum
278 3483 460 3570 Eugenium
488 3481 819 3546 Harundinonensem
845 3484 1043 3568 Episcopum
1066 3481 1107 3545 de
1125 3481 1294 3566 Hybernia

147 3583 258 3635 natum
280 3572 374 3635 nobis
398 3570 583 3647 transmisit,
600 3572 721 3655 quiea,
738 3593 811 3657 quae
825 3571 914 3656 prius
930 3570 970 3632 de
986 3582 1060 3634 ortu
1079 3569 1174 3635 Beati
1190 3569 1293 3634 Cuth-

147 3660 232 3723 berti
258 3681 515 3744 perceperamus,
543 3657 747 3722 testificando
768 3658 951 3734 roboravit3
976 3674 1008 3722 et
1033 3680 1099 3722 non
1114 3657 1204 3723 nulla
1218 3658 1291 3735 alia,

147 3747 188 3812 de
203 3747 317 3834 quibus
333 3761 428 3812 antea
439 3746 537 3812 nichil
552 3746 709 3825 novimus,
726 3747 819 3810 nobrs
831 3746 989 3832 praeclara
1002 3745 1163 3811 relacione
1178 3746 1293 3810 detex-

147 3836 181 3900 it.
229 3836 314 3900 Nam
340 3835 499 3900 verissime
523 3834 667 3898 illumin
685 3834 858 3920 Hybernia
872 3849 984 3900 natum
1000 3835 1041 3900 de
1056 3834 1176 3900 semine
1191 3831 1292 3920 regali

146 3923 280 3988 asseruit
293 3947 302 4000 3
319 3936 352 3988 et
366 3924 428 3988 loci
444 3936 476 3987 et
492 3922 579 3987 urbis
595 3922 735 3997 nomina,
751 3924 784 3985 in
801 3924 916 4010 quibus
926 3939 1020 3990 natus
1031 3924 1102 4002 fuit,
1115 3919 1293 3988 evidentius

167 4034 242 4075 nam
264 4012 368 4099 quivis
391 4011 526 4076 aliorum
550 4011 643 4075 nobis
667 4014 828 4094 exposuit.
873 4013 964 4077 Inter
979 4015 1041 4079 alia
1056 4034 1144 4086 vero,
1162 4030 1235 4093 quae
1251 4006 1292 4070 de

144 4034 330 4164 Buthberto
353 4114 462 4164 nostro
479 4122 570 4164 sacro
582 4122 601 4163 a
615 4099 769 4183 primaevo
784 4124 887 4184 puero
902 4102 1076 4186 peroravit,
1096 4092 1291 4163 Muriadach

144 4210 254 4277 regem
270 4201 395 4273 patrem
417 4188 501 4252 illius
517 4188 620 4263 dixit3
644 4189 699 4275 qui
714 4211 771 4252 sna
786 4191 819 4253 in
836 4190 948 4253 diebus
964 4190 1026 4253 illis
1040 4184 1202 4272 probitate
1217 4204 1290 4266 reg-

144 4298 221 4340 num
251 4278 351 4341 totius
376 4276 555 4363 Hyberniae
579 4300 646 4342 suae
673 4277 793 4342 dicioni
815 4301 875 4364 per
905 4289 1065 4363 sceptrum
1095 4269 1293 4336 monarchia

144 4365 381 4451 subjugaverat,
398 4379 430 4428 et
456 4363 497 4427 de
521 4366 610 4449 cujus
634 4365 753 4431 viribus
780 4366 846 4431 sive
861 4364 1009 4451 potentia
1023 4363 1116 4447 plura
1129 4360 1163 4424 in
1179 4380 1291 4426 eorum
