2888 5018
144 312 166 378 8
591 323 683 371 vrrs
712 322 849 372 osurur

144 488 241 554 causi
254 507 331 562 esse,
345 483 409 549 suis
420 483 529 568 potius
545 506 642 570 quam
653 483 712 548 sibi
727 483 900 568 parcendo,
917 483 969 569 pie
984 486 1167 565 consulens,
1182 486 1230 551 sic
1247 510 1306 552 eos

146 575 331 660 alloquitur.
371 581 393 613 ‘⁶
408 572 626 656 congratulor
641 571 782 658 quidem,
800 594 821 635 o
836 571 978 635 fidissimi
994 573 1152 659 principes
1168 588 1205 638 et
1221 588 1307 639 stre-

146 660 289 726 nuissimi
305 658 434 737 milites,
448 671 564 724 vestroe
579 658 701 723 militiae
716 672 749 722 et
764 657 929 743 probitati,
946 675 979 723 et
994 660 1112 745 gratias
1128 683 1194 745 ago
1205 662 1306 726 bonae

147 771 226 832 erga
241 771 293 813 me
310 759 425 811 vestrae
442 746 609 810 voluntati.
656 746 721 809 Sed
737 745 820 809 absit
835 744 853 808 a
868 769 929 822 me,
947 759 983 810 ut
999 748 1061 812 mei
1076 748 1175 812 solius
1192 749 1304 826 causa,

147 835 226 900 belli
237 834 407 901 discrimen
416 830 593 919 periculose
605 833 734 918 quidem
744 855 856 897 omnes
867 833 1045 913 incurratis,
1056 835 1111 922 qui
1123 856 1176 900 me
1189 857 1306 922 qnam-

148 945 247 1009 quam
266 923 339 1007 jure
356 921 532 996 dominum,
549 941 724 1004 pauperem
741 934 849 984 tamen
872 933 905 984 et
928 921 1057 985 exulem
1080 944 1193 1006 regem
1209 922 1304 987 vobis

149 1007 370 1074 constituistis.
417 1007 510 1071 Malo
530 1006 638 1091 itaque.
657 1005 739 1070 sicut
758 1007 914 1072 hactenus
934 1009 988 1072 ubi
1008 1008 1064 1073 ubi
1083 1031 1157 1073 eum
1175 1009 1302 1094 paucis,

149 1099 200 1160 vel
222 1097 319 1174 solus,
342 1095 494 1169 exulare3
515 1093 614 1157 immo
636 1093 743 1178 potius
762 1093 862 1184 diligo
881 1094 973 1172 mori,
995 1118 1092 1182 quam
1114 1118 1171 1159 vos
1193 1108 1246 1160 tot
1269 1109 1305 1161 et

149 1187 229 1250 tales
250 1184 313 1249 mei
328 1183 425 1247 solius
445 1181 540 1245 causa
558 1180 723 1264 contingat
743 1203 876 1267 quoquo
891 1182 989 1246 modo
1004 1181 1188 1267 periclitari.
1238 1183 1306 1249 Im·

108 1317 112 1323 -
148 1272 220 1356 pins
240 1272 325 1337 enirn
345 1282 377 1336 et
397 1269 588 1334 inhumanus
609 1281 669 1345 est,
687 1267 830 1354 quicum
848 1269 911 1333 Dei
923 1269 1082 1353 judicium
1097 1269 1186 1333 nullo
1201 1271 1304 1334 modo

149 1361 251 1445 possit
270 1370 428 1434 avertere,
445 1357 552 1442 plures
572 1354 620 1418 sui
640 1356 736 1419 causa
754 1368 889 1420 conatur
908 1370 1065 1421 evertere.
1115 1356 1225 1431 Quare
1241 1380 1305 1442 ego

150 1446 290 1511 divinam
301 1466 398 1529 super
408 1466 459 1507 me
471 1442 662 1507 sententiam
674 1441 835 1526 pacificus,
847 1465 910 1506 non
919 1443 1150 1528 belligerando,
1164 1442 1306 1509 libenter

152 1533 358 1617 amplectens,
380 1553 452 1594 curn
467 1551 525 1613 per
540 1552 577 1592 os
597 1528 706 1592 Sancti
721 1529 880 1613 pontilicis
900 1531 1026 1617 Aydani
1041 1553 1100 1616 per
1114 1530 1304 1616 martyrium

152 1621 195 1685 ad
214 1619 350 1682 caelestis
366 1617 484 1700 gaudia
498 1614 588 1698 regni
603 1637 655 1679 me
670 1617 876 1680 transiturum
892 1641 1043 1701 agnosco,
1059 1642 1125 1705 quo
1139 1617 1253 1682 ordine
1269 1634 1304 1683 et

154 1723 300 1790 tempore
322 1705 445 1770 Cristus
464 1701 612 1779 voluerit,
633 1701 730 1765 vitam
751 1706 961 1783 temporalem
977 1706 1068 1770 finire
1089 1728 1154 1769 non
1176 1728 1304 1770 recuso.

158 1793 321 1878 Scriptum
341 1791 459 1879 quippe
479 1802 539 1868 est,
564 1788 778 1854 “Constituit
798 1790 958 1856 Dominus
978 1792 1130 1858 terminos
1150 1796 1230 1880 ejus,
1247 1792 1304 1880 qui

153 1879 311 1968 praeteriri
330 1902 394 1943 non
416 1890 570 1963 poterunt
581 1879 609 1941 :''
633 1876 731 1943 Unde
750 1889 848 1961 poeta
866 1878 962 1958 canit,
986 1881 1095 1944 “Stat
1114 1902 1172 1944 sua
1186 1879 1303 1966 cuique

154 1969 253 2033 dies.''
300 1966 408 2032 Nemo
420 1965 505 2032 diem
518 1965 629 2029 mortis
642 1963 814 2050 anticipare
827 1966 923 2031 valet.
972 1967 1121 2032 Praeterit
1136 1979 1170 2032 et
1185 1967 1302 2045 nullus,

154 2056 213 2120 sed
231 2054 342 2142 quivis
362 2053 432 2140 quis
451 2055 531 2129 obit,
553 2052 670 2116 dicitur
690 2074 759 2116 esse
779 2055 866 2118 sud?
919 2051 1036 2118 Videns
1056 2068 1164 2119 autem
1180 2054 1305 2119 exerci-

154 2159 206 2207 tus
226 2141 422 2206 Sanctissimi
436 2142 484 2205 sui
503 2140 600 2223 Regis
616 2151 649 2204 et
666 2139 785 2203 domini
801 2154 941 2205 mentem
953 2141 971 2205 a
982 2142 1147 2226 proposito
1158 2140 1305 2205 revocari

112 2253 114 2256 ’
153 2252 219 2293 non
235 2251 339 2312 posse,
356 2227 432 2314 quin
449 2227 577 2291 dissolvi
591 2240 721 2311 cuperet
734 2240 852 2291 etcum
868 2228 974 2294 Cristo
987 2229 1106 2307 vivere,
1120 2229 1187 2294 alto
1198 2229 1305 2293 cordis

154 2317 287 2381 vulnere
307 2314 438 2379 sauciati
458 2313 651 2378 unanimiter
672 2314 738 2397 ejus
755 2316 889 2399 genibus
905 2316 1147 2400 provolvuntur,
1165 2316 1243 2381 talia
1257 2315 1307 2380 di-

154 2418 274 2480 centes,
300 2403 453 2466 Sanctum
473 2424 545 2466 cum
565 2401 693 2465 fletibus
713 2416 818 2467 orant.
864 2403 931 2468 “O
950 2426 1010 2468 rex
1025 2403 1165 2489 insignis,
1183 2427 1204 2467 o
1219 2404 1304 2488 regis

155 2491 285 2554 nomine
317 2490 442 2576 dignuS,
474 2488 567 2552 nobis
594 2487 732 2571 indignis
759 2490 897 2575 petimus
924 2514 1008 2555 nunc
1039 2506 1109 2556 esto
1134 2491 1305 2575 benignus.

156 2576 312 2667 Nunquid
337 2599 394 2641 nos
420 2577 551 2662 ignavos
575 2589 630 2639 aut
653 2576 828 2659 degeneres
851 2578 1022 2663 aliquando
1044 2577 1241 2664 repperisti?
1265 2600 1306 2642 au
1367 2594 1372 2599 ·

154 2666 358 2751 apparuimus
377 2664 494 2729 alicubi
514 2665 545 2727 in
565 2664 717 2746 conflictu
735 2665 852 2729 bellico
868 2666 1051 2732 tardiores?
1073 2665 1215 2730 hostium
1230 2687 1305 2751 pro-

155 2754 243 2819 lecto
260 2776 382 2818 cuneos
402 2751 515 2830 securi,
533 2773 676 2836 persaepe
696 2753 944 2835 penetravimus.
991 2753 1104 2818 Liceat
1120 2776 1198 2838 ergo
1213 2752 1305 2817 nobis

155 2863 229 2905 cunr
252 2840 396 2904 hostibus
424 2841 571 2904 instantis
596 2838 777 2902 certaminis
804 2841 885 2905 inire
910 2840 1104 2918 conflictum,
1132 2854 1167 2905 et
1192 2840 1225 2904 in
1249 2862 1306 2905 ore

157 2927 256 3011 gladii
278 2948 438 3010 perversae
460 2925 565 2991 aetatis
584 2924 691 2988 rimari
706 2926 828 2991 viscera
846 2929 932 2991 ferro
942 2951 951 3003 ;
973 2927 1000 2991 si
1015 2928 1149 2992 fortasse
1165 2926 1256 2992 nobis
1273 2927 1306 2990 iu

156 3013 266 3100 pugna
292 3010 416 3075 sinistre
440 3011 582 3089 cesserit,
606 3011 719 3075 melius
743 3025 792 3075 est
813 3017 906 3078 nobis
929 3014 1010 3077 mori
1033 3015 1065 3079 in
1092 3016 1189 3092 bello,
1211 3037 1307 3101 quam

157 3101 244 3185 apud
265 3100 377 3183 vulgus
396 3099 516 3162 domini
536 3098 715 3163 desertores
735 3099 767 3161 in
788 3102 959 3185 proverbio
974 3103 1133 3167 cantitari.
1182 3103 1216 3165 Si
1232 3125 1309 3166 vero

158 3190 269 3271 fugam
292 3187 371 3250 inire
398 3185 565 3270 delegeris,
594 3185 813 3268 degenerabis.
868 3188 902 3252 Si
923 3211 981 3252 nos
1006 3190 1105 3255 dereli
1129 3189 1223 3266 ueris,
1249 3211 1309 3253 nos

157 3291 310 3360 tanquam
325 3273 372 3337 rei
388 3273 562 3360 majestatis
575 3272 806 3358 proscriptione
819 3275 1051 3343 damnabimur.
1092 3213 1187 3341 biurio
1198 3289 1310 3340 autern

156 3362 234 3451 quia
248 3363 335 3426 salva
350 3375 424 3426 sunt
439 3361 498 3426 tibi
512 3360 644 3446 praemia
659 3374 726 3438 tua,
743 3361 775 3424 iu
791 3363 853 3427 hoc
868 3365 968 3428 nostri
983 3365 1120 3450 petimus
1132 3362 1310 3428 miserearis

159 3472 277 3516 nenos
297 3450 454 3513 deseras.’'
504 3449 639 3513 Sanctus
659 3450 701 3512 ad
720 3450 800 3515 haec.
847 3453 913 3518 “O
933 3451 1077 3517 fidissimi
1096 3451 1223 3528 milites,
1242 3472 1311 3514 ves-

160 3555 219 3603 troe
235 3536 365 3622 quidem
380 3536 533 3621 probitati
548 3537 764 3622 congratulor,
778 3554 933 3625 quantum
949 3564 1005 3605 vos
1018 3541 1117 3604 fortes
1129 3539 1161 3602 in
1174 3538 1260 3602 bello
1276 3551 1310 3601 et

158 3623 393 3689 strenuissimos
409 3646 553 3709 persaepe
568 3625 683 3709 reperi,
701 3639 735 3690 et
750 3627 847 3692 nichil
863 3629 959 3692 estin
975 3628 1065 3691 vobis
1081 3624 1240 3691 tarditatis
1253 3638 1310 3688 aut

159 3712 295 3799 ignaviae
310 3711 398 3798 quod
413 3712 511 3796 possit
527 3726 583 3776 aut
598 3713 716 3778 debeat
732 3715 934 3799 reprehendi.
977 3715 1042 3779 Sed
1058 3736 1114 3778 vos
1129 3713 1229 3777 hostis
1244 3734 1311 3775 non

158 3798 373 3887 persequitur.
426 3799 498 3884 Ego
525 3822 594 3865 sum
622 3822 718 3864 causa
744 3801 945 3866 discriminis
998 3801 1141 3887 Expedit
1167 3822 1246 3885 ergo
1273 3813 1310 3863 ut

159 3909 240 3952 uuus
259 3886 415 3952 moriatur
434 3910 493 3972 pro
507 3887 639 3972 populo,
661 3889 756 3974 quarn
778 3902 812 3952 ut
831 3889 968 3973 populus
985 3901 1084 3952 tantae
1100 3886 1311 3952 multitudiuis

158 3976 303 4042 deleatur
326 3997 385 4060 pro
407 3998 493 4039 uno:
517 3975 694 4059 praesertim
710 3997 783 4039 cum
804 3975 881 4038 mihi
904 3974 1027 4039 scierim
1048 3977 1230 4041 mercedem
1246 3975 1312 4060 ple-

157 4084 233 4127 nam
247 4085 317 4127 esse
332 4061 516 4148 repositam,
527 4083 680 4126 coronam
696 4061 817 4126 scilieet
831 4061 986 4146 martyrii,
998 4085 1092 4148 qnam
1105 4063 1183 4127 mihi
1194 4062 1311 4126 reddet

159 4149 193 4213 in
204 4149 334 4215 instanti
347 4149 521 4213 certamine
532 4149 637 4232 justus
647 4147 763 4232 judex.
814 4147 900 4222 Quia
914 4147 1011 4233 igitur
1028 4151 1093 4215 Dei
1108 4148 1312 4237 providentia
1379 4223 1382 4229 .

159 4235 192 4299 in
216 4237 262 4301 sui
285 4234 493 4322 dispositione
515 4255 580 4295 non
603 4233 733 4312 fallitur,
760 4235 852 4326 Deus
870 4236 957 4322 quod
977 4237 1089 4303 statuit
1105 4239 1146 4302 de
1163 4260 1224 4314 me,
1243 4236 1310 4305 siue

159 4345 210 4388 me
231 4324 388 4390 deliberat
403 4321 483 4407 ipse.
531 4318 619 4386 Nolo
639 4319 734 4406 ipsius
755 4322 911 4388 voluntati
927 4323 1125 4413 aliquatenus
1138 4323 1309 4401 contraire,
