<?xml version="1.0" encoding="UTF-8"?>
<!DOCTYPE html PUBLIC "-//W3C//DTD XHTML 1.0 Transitional//EN"
    "http://www.w3.org/TR/xhtml1/DTD/xhtml1-transitional.dtd">
<html xmlns="http://www.w3.org/1999/xhtml" xml:lang="en" lang="en">
 <head>
  <title>
</title>
<meta http-equiv="Content-Type" content="text/html;charset=utf-8" />
  <meta name='ocr-system' content='tesseract 3.04.00' />
  <meta name='ocr-capabilities' content='ocr_page ocr_carea ocr_par ocr_line ocrx_word'/>
</head>
<body>
  <div class='ocr_page' id='page_1' title='image "./miscellaneabiog00raingoog_0042.png"; bbox 0 0 2888 5018; ppageno 0'>
   <div class='ocr_carea' id='block_1_1' title="bbox 338 419 1207 484">
    <p class='ocr_par' dir='ltr' id='par_1_1' title="bbox 338 419 1207 484">
     <span class='ocr_line' id='line_1_1' title="bbox 338 419 1207 484; baseline 0.005 -4"><span class='ocrx_word' id='word_1_1' title='bbox 338 444 342 451; x_wconf 93' lang='lat'><em>·</em></span> <span class='ocrx_word' id='word_1_2' title='bbox 450 432 563 483; x_wconf 78' lang='lat' dir='ltr'><strong>anem</strong></span> <span class='ocrx_word' id='word_1_3' title='bbox 589 433 809 483; x_wconf 74' lang='lat' dir='ltr'><strong>unisonum.</strong></span> <span class='ocrx_word' id='word_1_4' title='bbox 1162 419 1207 484; x_wconf 71' lang='lat' dir='ltr'><strong>Qt</strong></span> 
     </span>
    </p>
   </div>
   <div class='ocr_carea' id='block_1_2' title="bbox 54 595 1287 3720">
    <p class='ocr_par' dir='ltr' id='par_1_2' title="bbox 54 595 1287 3720">
     <span class='ocr_line' id='line_1_2' title="bbox 54 595 1208 683; baseline -0.005 -19"><span class='ocrx_word' id='word_1_5' title='bbox 54 598 240 664; x_wconf 75' lang='lat' dir='ltr'><strong>Castellum</strong></span> <span class='ocrx_word' id='word_1_6' title='bbox 262 595 389 675; x_wconf 91' lang='lat' dir='ltr'><strong>dicitur,</strong></span> <span class='ocrx_word' id='word_1_7' title='bbox 414 596 576 683; x_wconf 88' lang='lat' dir='ltr'><strong>quondam</strong></span> <span class='ocrx_word' id='word_1_8' title='bbox 591 617 669 660; x_wconf 93' lang='lat' dir='ltr'><strong>vero</strong></span> <span class='ocrx_word' id='word_1_9' title='bbox 693 595 917 659; x_wconf 90' lang='lat' dir='ltr'><strong>Moneccestre</strong></span> <span class='ocrx_word' id='word_1_10' title='bbox 940 595 1118 670; x_wconf 84' lang='lat' dir='ltr'>dicebatur,</span> <span class='ocrx_word' id='word_1_11' title='bbox 1135 595 1208 659; x_wconf 89' lang='lat' dir='ltr'><strong>fixit</strong></span> 
     </span>
     <span class='ocr_line' id='line_1_3' title="bbox 58 681 1206 768; baseline -0.005 -19"><span class='ocrx_word' id='word_1_12' title='bbox 58 685 201 750; x_wconf 90' lang='lat' dir='ltr'><strong>tentoria</strong></span> <span class='ocrx_word' id='word_1_13' title='bbox 212 705 306 768; x_wconf 90' lang='lat' dir='ltr'><strong>super</strong></span> <span class='ocrx_word' id='word_1_14' title='bbox 319 683 448 768; x_wconf 89' lang='lat' dir='ltr'><strong>Tynam</strong></span> <span class='ocrx_word' id='word_1_15' title='bbox 462 682 606 748; x_wconf 89' lang='lat' dir='ltr'><strong>fluvium.</strong></span> <span class='ocrx_word' id='word_1_16' title='bbox 656 681 845 766; x_wconf 83' lang='lat' dir='ltr'>Contigerat</span> <span class='ocrx_word' id='word_1_17' title='bbox 861 681 946 746; x_wconf 92' lang='lat' dir='ltr'><strong>enim</strong></span> <span class='ocrx_word' id='word_1_18' title='bbox 961 695 1036 746; x_wconf 89' lang='lat' dir='ltr'><strong>tunc</strong></span> <span class='ocrx_word' id='word_1_19' title='bbox 1053 683 1206 764; x_wconf 91' lang='lat' dir='ltr'><strong>temporis</strong></span> 
     </span>
     <span class='ocr_line' id='line_1_4' title="bbox 59 768 1206 856; baseline -0.003 -22"><span class='ocrx_word' id='word_1_20' title='bbox 59 772 195 835; x_wconf 87' lang='lat' dir='ltr'><strong>fluvium</strong></span> <span class='ocrx_word' id='word_1_21' title='bbox 220 770 322 856; x_wconf 91' lang='lat' dir='ltr'><strong>ipsum</strong></span> <span class='ocrx_word' id='word_1_22' title='bbox 346 770 429 834; x_wconf 89' lang='lat' dir='ltr'><strong>adeo</strong></span> <span class='ocrx_word' id='word_1_23' title='bbox 455 793 525 835; x_wconf 90' lang='lat' dir='ltr'><strong>esse</strong></span> <span class='ocrx_word' id='word_1_24' title='bbox 549 768 732 847; x_wconf 84' lang='lat' dir='ltr'>dirivatum,</span> <span class='ocrx_word' id='word_1_25' title='bbox 760 780 796 832; x_wconf 90' lang='lat' dir='ltr'><strong>ut</strong></span> <span class='ocrx_word' id='word_1_26' title='bbox 823 769 1020 833; x_wconf 80' lang='lat' dir='ltr'><strong>transvadari</strong></span> <span class='ocrx_word' id='word_1_27' title='bbox 1049 789 1206 853; x_wconf 81' lang='lat' dir='ltr'><strong>nusquam</strong></span> 
     </span>
     <span class='ocr_line' id='line_1_5' title="bbox 59 855 1207 944; baseline -0.005 -22"><span class='ocrx_word' id='word_1_28' title='bbox 59 870 181 942; x_wconf 86' lang='lat' dir='ltr'><strong>posset,</strong></span> <span class='ocrx_word' id='word_1_29' title='bbox 198 879 256 921; x_wconf 87' lang='lat' dir='ltr'><strong>nee</strong></span> <span class='ocrx_word' id='word_1_30' title='bbox 271 856 377 942; x_wconf 89' lang='lat' dir='ltr'><strong>pontis</strong></span> <span class='ocrx_word' id='word_1_31' title='bbox 393 857 448 944; x_wconf 93' lang='lat' dir='ltr'><strong>qui</strong></span> <span class='ocrx_word' id='word_1_32' title='bbox 464 857 561 920; x_wconf 94' lang='lat' dir='ltr'><strong>modo</strong></span> <span class='ocrx_word' id='word_1_33' title='bbox 574 856 726 932; x_wconf 90' lang='lat' dir='ltr'><strong>cernitur,</strong></span> <span class='ocrx_word' id='word_1_34' title='bbox 743 855 936 920; x_wconf 90' lang='lat' dir='ltr'><strong>adminiculo</strong></span> <span class='ocrx_word' id='word_1_35' title='bbox 951 867 1078 940; x_wconf 88' lang='lat' dir='ltr'><strong>pateret</strong></span> <span class='ocrx_word' id='word_1_36' title='bbox 1094 856 1207 919; x_wconf 90' lang='lat' dir='ltr'><strong>transi·</strong></span> 
     </span>
     <span class='ocr_line' id='line_1_6' title="bbox 60 940 1206 1032; baseline -0.003 -25"><span class='ocrx_word' id='word_1_37' title='bbox 60 959 123 1008; x_wconf 91' lang='lat' dir='ltr'><strong>tus.</strong></span> <span class='ocrx_word' id='word_1_38' title='bbox 182 944 286 1028; x_wconf 89' lang='lat' dir='ltr'><strong>Hujus</strong></span> <span class='ocrx_word' id='word_1_39' title='bbox 309 943 409 1032; x_wconf 90' lang='lat' dir='ltr'><strong>igitur</strong></span> <span class='ocrx_word' id='word_1_40' title='bbox 430 942 628 1008; x_wconf 84' lang='lat' dir='ltr'><strong>necessitatis</strong></span> <span class='ocrx_word' id='word_1_41' title='bbox 651 941 828 1020; x_wconf 82' lang='lat' dir='ltr'><strong>occasione,</strong></span> <span class='ocrx_word' id='word_1_42' title='bbox 845 964 905 1006; x_wconf 88' lang='lat' dir='ltr'><strong>rex</strong></span> <span class='ocrx_word' id='word_1_43' title='bbox 920 944 998 1006; x_wconf 91' lang='lat' dir='ltr'><strong>inibi</strong></span> <span class='ocrx_word' id='word_1_44' title='bbox 1020 940 1206 1007; x_wconf 86' lang='lat' dir='ltr'><strong>nonnullam</strong></span> 
     </span>
     <span class='ocr_line' id='line_1_7' title="bbox 57 1027 1206 1113; baseline -0.003 -20"><span class='ocrx_word' id='word_1_45' title='bbox 57 1031 181 1095; x_wconf 78' lang='lat' dir='ltr'><strong>lecerat</strong></span> <span class='ocrx_word' id='word_1_46' title='bbox 203 1053 338 1094; x_wconf 92' lang='lat' dir='ltr'><strong>moram.</strong></span> <span class='ocrx_word' id='word_1_47' title='bbox 385 1029 563 1095; x_wconf 92' lang='lat' dir='ltr'><strong>Normanni</strong></span> <span class='ocrx_word' id='word_1_48' title='bbox 586 1051 663 1093; x_wconf 88' lang='lat' dir='ltr'><strong>vero</strong></span> <span class='ocrx_word' id='word_1_49' title='bbox 686 1028 727 1093; x_wconf 94' lang='lat' dir='ltr'><strong>de</strong></span> <span class='ocrx_word' id='word_1_50' title='bbox 751 1029 863 1113; x_wconf 71' lang='lat' dir='ltr'><strong>rapina</strong></span> <span class='ocrx_word' id='word_1_51' title='bbox 877 1029 983 1093; x_wconf 90' lang='lat' dir='ltr'><strong>vivere</strong></span> <span class='ocrx_word' id='word_1_52' title='bbox 999 1030 1129 1106; x_wconf 86' lang='lat' dir='ltr'><strong>assueti,</strong></span> <span class='ocrx_word' id='word_1_53' title='bbox 1145 1027 1206 1091; x_wconf 87' lang='lat' dir='ltr'><strong>sibi</strong></span> 
     </span>
     <span class='ocr_line' id='line_1_8' title="bbox 56 1113 1206 1204; baseline -0.005 -23"><span class='ocrx_word' id='word_1_54' title='bbox 56 1134 92 1181; x_wconf 90' lang='lat' dir='ltr'><strong>et</strong></span> <span class='ocrx_word' id='word_1_55' title='bbox 109 1117 264 1204; x_wconf 89' lang='lat' dir='ltr'><strong>jumentis</strong></span> <span class='ocrx_word' id='word_1_56' title='bbox 280 1117 343 1180; x_wconf 91' lang='lat' dir='ltr'><strong>suis</strong></span> <span class='ocrx_word' id='word_1_57' title='bbox 358 1117 592 1181; x_wconf 86' lang='lat' dir='ltr'><strong>exhibitionem</strong></span> <span class='ocrx_word' id='word_1_58' title='bbox 614 1129 790 1200; x_wconf 89' lang='lat' dir='ltr'><strong>rapuerunt</strong></span> <span class='ocrx_word' id='word_1_59' title='bbox 805 1116 845 1179; x_wconf 91' lang='lat' dir='ltr'><strong>de</strong></span> <span class='ocrx_word' id='word_1_60' title='bbox 860 1115 938 1179; x_wconf 90' lang='lat' dir='ltr'><strong>locis</strong></span> <span class='ocrx_word' id='word_1_61' title='bbox 953 1113 1206 1202; x_wconf 88' lang='lat' dir='ltr'><strong>circumjacenti-</strong></span> 
     </span>
     <span class='ocr_line' id='line_1_9' title="bbox 57 1201 1204 1290; baseline -0.004 -22"><span class='ocrx_word' id='word_1_62' title='bbox 57 1205 128 1268; x_wconf 88' lang='lat' dir='ltr'><strong>bus.</strong></span> <span class='ocrx_word' id='word_1_63' title='bbox 178 1203 244 1268; x_wconf 88' lang='lat' dir='ltr'><strong>Sed</strong></span> <span class='ocrx_word' id='word_1_64' title='bbox 259 1203 335 1290; x_wconf 93' lang='lat' dir='ltr'><strong>quia</strong></span> <span class='ocrx_word' id='word_1_65' title='bbox 349 1216 449 1268; x_wconf 86' lang='lat' dir='ltr'><strong>tantae</strong></span> <span class='ocrx_word' id='word_1_66' title='bbox 464 1202 661 1267; x_wconf 86' lang='lat' dir='ltr'><strong>multitudini</strong></span> <span class='ocrx_word' id='word_1_67' title='bbox 676 1225 740 1266; x_wconf 91' lang='lat' dir='ltr'><strong>uon</strong></span> <span class='ocrx_word' id='word_1_68' title='bbox 755 1202 930 1266; x_wconf 88' lang='lat' dir='ltr'><strong>sufficiebat</strong></span> <span class='ocrx_word' id='word_1_69' title='bbox 945 1216 1115 1287; x_wconf 84' lang='lat' dir='ltr'><strong>paupertas</strong></span> <span class='ocrx_word' id='word_1_70' title='bbox 1130 1201 1204 1279; x_wconf 91' lang='lat' dir='ltr'><strong>loci,</strong></span> 
     </span>
     <span class='ocr_line' id='line_1_10' title="bbox 56 1287 1206 1376; baseline -0.003 -21"><span class='ocrx_word' id='word_1_71' title='bbox 56 1291 227 1355; x_wconf 86' lang='lat' dir='ltr'><strong>audientes</strong></span> <span class='ocrx_word' id='word_1_72' title='bbox 249 1290 336 1375; x_wconf 91' lang='lat' dir='ltr'><strong>apud</strong></span> <span class='ocrx_word' id='word_1_73' title='bbox 361 1290 608 1376; x_wconf 89' lang='lat' dir='ltr'><strong>Tynemudham</strong></span> <span class='ocrx_word' id='word_1_74' title='bbox 631 1289 810 1374; x_wconf 88' lang='lat' dir='ltr'><strong>depositam</strong></span> <span class='ocrx_word' id='word_1_75' title='bbox 833 1311 902 1353; x_wconf 85' lang='lat' dir='ltr'><strong>esse</strong></span> <span class='ocrx_word' id='word_1_76' title='bbox 923 1289 1020 1352; x_wconf 88' lang='lat' dir='ltr'><strong>totius</strong></span> <span class='ocrx_word' id='word_1_77' title='bbox 1036 1287 1206 1372; x_wconf 89' lang='lat' dir='ltr'><strong>provintiae</strong></span> 
     </span>
     <span class='ocr_line' id='line_1_11' title="bbox 56 1375 1206 1460; baseline -0.003 -19"><span class='ocrx_word' id='word_1_78' title='bbox 56 1377 278 1454; x_wconf 88' lang='lat' dir='ltr'><strong>substantiam,</strong></span> <span class='ocrx_word' id='word_1_79' title='bbox 295 1379 355 1441; x_wconf 93' lang='lat' dir='ltr'><strong>sub</strong></span> <span class='ocrx_word' id='word_1_80' title='bbox 374 1377 577 1441; x_wconf 83' lang='lat' dir='ltr'><strong>festinatione</strong></span> <span class='ocrx_word' id='word_1_81' title='bbox 592 1377 698 1440; x_wconf 90' lang='lat' dir='ltr'><strong>locum</strong></span> <span class='ocrx_word' id='word_1_82' title='bbox 713 1377 846 1453; x_wconf 87' lang='lat' dir='ltr'><strong>adeunt,</strong></span> <span class='ocrx_word' id='word_1_83' title='bbox 863 1388 899 1438; x_wconf 93' lang='lat' dir='ltr'><strong>ut</strong></span> <span class='ocrx_word' id='word_1_84' title='bbox 914 1375 989 1439; x_wconf 86' lang='lat' dir='ltr'><strong>inde</strong></span> <span class='ocrx_word' id='word_1_85' title='bbox 1005 1376 1129 1460; x_wconf 88' lang='lat' dir='ltr'><strong>rapiant</strong></span> <span class='ocrx_word' id='word_1_86' title='bbox 1145 1375 1206 1439; x_wconf 88' lang='lat' dir='ltr'><strong>sibi</strong></span> 
     </span>
     <span class='ocr_line' id='line_1_12' title="bbox 57 1461 1205 1528; baseline -0.001 -2"><span class='ocrx_word' id='word_1_87' title='bbox 57 1464 157 1528; x_wconf 91' lang='lat' dir='ltr'><strong>victui</strong></span> <span class='ocrx_word' id='word_1_88' title='bbox 169 1463 358 1528; x_wconf 87' lang='lat' dir='ltr'><strong>necessaria.</strong></span> <span class='ocrx_word' id='word_1_89' title='bbox 406 1464 508 1527; x_wconf 90' lang='lat' dir='ltr'><strong>Porro</strong></span> <span class='ocrx_word' id='word_1_90' title='bbox 520 1485 581 1527; x_wconf 88' lang='lat' dir='ltr'><strong>rex</strong></span> <span class='ocrx_word' id='word_1_91' title='bbox 594 1462 735 1526; x_wconf 87' lang='lat' dir='ltr'><strong>habebat</strong></span> <span class='ocrx_word' id='word_1_92' title='bbox 751 1463 915 1526; x_wconf 92' lang='lat' dir='ltr'><strong>tribunum</strong></span> <span class='ocrx_word' id='word_1_93' title='bbox 929 1461 1066 1525; x_wconf 88' lang='lat' dir='ltr'><strong>militum</strong></span> <span class='ocrx_word' id='word_1_94' title='bbox 1080 1463 1205 1527; x_wconf 85' lang='lat' dir='ltr'><strong>Rober-</strong></span> 
     </span>
     <span class='ocr_line' id='line_1_13' title="bbox 57 1547 1202 1625; baseline -0.002 -10"><span class='ocrx_word' id='word_1_95' title='bbox 57 1566 129 1615; x_wconf 88' lang='lat' dir='ltr'><strong>tum</strong></span> <span class='ocrx_word' id='word_1_96' title='bbox 141 1551 287 1625; x_wconf 82' lang='lat' dir='ltr'><strong>nomiue3</strong></span> <span class='ocrx_word' id='word_1_97' title='bbox 303 1551 354 1615; x_wconf 93' lang='lat' dir='ltr'><strong>cui</strong></span> <span class='ocrx_word' id='word_1_98' title='bbox 365 1550 471 1614; x_wconf 80' lang='lat' dir='ltr'><strong>fuerat</strong></span> <span class='ocrx_word' id='word_1_99' title='bbox 484 1550 585 1614; x_wconf 91' lang='lat' dir='ltr'><strong>multa</strong></span> <span class='ocrx_word' id='word_1_100' title='bbox 597 1550 692 1613; x_wconf 90' lang='lat' dir='ltr'><strong>turba</strong></span> <span class='ocrx_word' id='word_1_101' title='bbox 705 1548 944 1612; x_wconf 90' lang='lat' dir='ltr'><strong>indomabilium</strong></span> <span class='ocrx_word' id='word_1_102' title='bbox 956 1547 1202 1613; x_wconf 89' lang='lat' dir='ltr'><strong>emissariorum.</strong></span> 
     </span>
     <span class='ocr_line' id='line_1_14' title="bbox 61 1634 1206 1719; baseline -0.003 -17"><span class='ocrx_word' id='word_1_103' title='bbox 61 1638 126 1702; x_wconf 89' lang='lat' dir='ltr'><strong>Hic</strong></span> <span class='ocrx_word' id='word_1_104' title='bbox 142 1660 216 1700; x_wconf 90' lang='lat' dir='ltr'><strong>enm</strong></span> <span class='ocrx_word' id='word_1_105' title='bbox 238 1637 371 1701; x_wconf 93' lang='lat' dir='ltr'><strong>vidisset</strong></span> <span class='ocrx_word' id='word_1_106' title='bbox 392 1638 516 1701; x_wconf 89' lang='lat' dir='ltr'><strong>eminus</strong></span> <span class='ocrx_word' id='word_1_107' title='bbox 531 1635 645 1701; x_wconf 88' lang='lat' dir='ltr'><strong>turrim</strong></span> <span class='ocrx_word' id='word_1_108' title='bbox 667 1634 811 1700; x_wconf 88' lang='lat' dir='ltr'><strong>ecclesiae</strong></span> <span class='ocrx_word' id='word_1_109' title='bbox 838 1635 931 1699; x_wconf 88' lang='lat' dir='ltr'><strong>Beati</strong></span> <span class='ocrx_word' id='word_1_110' title='bbox 949 1635 1048 1719; x_wconf 88' lang='lat' dir='ltr'><strong>Regis</strong></span> <span class='ocrx_word' id='word_1_111' title='bbox 1064 1648 1099 1700; x_wconf 93' lang='lat' dir='ltr'><strong>et</strong></span> <span class='ocrx_word' id='word_1_112' title='bbox 1115 1636 1206 1700; x_wconf 86' lang='lat' dir='ltr'><strong>Mar-</strong></span> 
     </span>
     <span class='ocr_line' id='line_1_15' title="bbox 56 1722 1203 1808; baseline 0 -21"><span class='ocrx_word' id='word_1_113' title='bbox 56 1725 138 1808; x_wconf 90' lang='lat' dir='ltr'><strong>tyris</strong></span> <span class='ocrx_word' id='word_1_114' title='bbox 158 1724 288 1801; x_wconf 89' lang='lat' dir='ltr'><strong>Oswini,</strong></span> <span class='ocrx_word' id='word_1_115' title='bbox 306 1738 339 1788; x_wconf 90' lang='lat' dir='ltr'><strong>et</strong></span> <span class='ocrx_word' id='word_1_116' title='bbox 351 1724 393 1788; x_wconf 89' lang='lat' dir='ltr'><strong>de</strong></span> <span class='ocrx_word' id='word_1_117' title='bbox 408 1723 523 1788; x_wconf 90' lang='lat' dir='ltr'><strong>merito</strong></span> <span class='ocrx_word' id='word_1_118' title='bbox 542 1722 651 1788; x_wconf 91' lang='lat' dir='ltr'><strong>Sancti</strong></span> <span class='ocrx_word' id='word_1_119' title='bbox 666 1723 838 1787; x_wconf 93' lang='lat' dir='ltr'><strong>instructus</strong></span> <span class='ocrx_word' id='word_1_120' title='bbox 854 1734 940 1786; x_wconf 90' lang='lat' dir='ltr'><strong>esset</strong></span> <span class='ocrx_word' id='word_1_121' title='bbox 955 1743 975 1785; x_wconf 96' lang='lat' dir='ltr'><strong>a</strong></span> <span class='ocrx_word' id='word_1_122' title='bbox 989 1723 1203 1800; x_wconf 89' lang='lat' dir='ltr'><strong>narrantibus,</strong></span> 
     </span>
     <span class='ocr_line' id='line_1_16' title="bbox 56 1808 1204 1888; baseline -0.001 -14"><span class='ocrx_word' id='word_1_123' title='bbox 56 1812 207 1876; x_wconf 85' lang='lat' dir='ltr'><strong>deserens</strong></span> <span class='ocrx_word' id='word_1_124' title='bbox 234 1812 363 1888; x_wconf 89' lang='lat' dir='ltr'><strong>Sancto,</strong></span> <span class='ocrx_word' id='word_1_125' title='bbox 381 1812 443 1874; x_wconf 85' lang='lat' dir='ltr'><strong>iter</strong></span> <span class='ocrx_word' id='word_1_126' title='bbox 465 1811 603 1888; x_wconf 90' lang='lat' dir='ltr'><strong>reflexit,</strong></span> <span class='ocrx_word' id='word_1_127' title='bbox 627 1809 774 1874; x_wconf 92' lang='lat' dir='ltr'><strong>inhibens</strong></span> <span class='ocrx_word' id='word_1_128' title='bbox 801 1809 949 1874; x_wconf 92' lang='lat' dir='ltr'><strong>omnibus</strong></span> <span class='ocrx_word' id='word_1_129' title='bbox 972 1808 1039 1873; x_wconf 86' lang='lat' dir='ltr'><strong>suis</strong></span> <span class='ocrx_word' id='word_1_130' title='bbox 1070 1809 1204 1873; x_wconf 87' lang='lat' dir='ltr'><strong>ulterius</strong></span> 
     </span>
     <span class='ocr_line' id='line_1_17' title="bbox 56 1895 1206 1983; baseline -0.002 -23"><span class='ocrx_word' id='word_1_131' title='bbox 56 1898 274 1982; x_wconf 79' lang='lat' dir='ltr'><strong>procedere·</strong></span> <span class='ocrx_word' id='word_1_132' title='bbox 304 1898 406 1962; x_wconf 90' lang='lat' dir='ltr'><strong>Porro</strong></span> <span class='ocrx_word' id='word_1_133' title='bbox 429 1897 583 1962; x_wconf 89' lang='lat' dir='ltr'><strong>emissarii</strong></span> <span class='ocrx_word' id='word_1_134' title='bbox 606 1899 674 1983; x_wconf 91' lang='lat' dir='ltr'><strong>ejus</strong></span> <span class='ocrx_word' id='word_1_135' title='bbox 697 1919 736 1960; x_wconf 94' lang='lat' dir='ltr'><strong>eo</strong></span> <span class='ocrx_word' id='word_1_136' title='bbox 760 1896 933 1971; x_wconf 88' lang='lat' dir='ltr'><strong>nesciente,</strong></span> <span class='ocrx_word' id='word_1_137' title='bbox 957 1895 1206 1982; x_wconf 90' lang='lat' dir='ltr'><strong>Tynemudham</strong></span> 
     </span>
     <span class='ocr_line' id='line_1_18' title="bbox 58 1982 1206 2068; baseline -0.003 -20"><span class='ocrx_word' id='word_1_138' title='bbox 58 1986 287 2061; x_wconf 88' lang='lat' dir='ltr'><strong>accelerantes,</strong></span> <span class='ocrx_word' id='word_1_139' title='bbox 305 1984 423 2068; x_wconf 90' lang='lat' dir='ltr'><strong>rapinis</strong></span> <span class='ocrx_word' id='word_1_140' title='bbox 448 2007 481 2049; x_wconf 92' lang='lat' dir='ltr'><strong>se</strong></span> <span class='ocrx_word' id='word_1_141' title='bbox 502 1997 647 2061; x_wconf 90' lang='lat' dir='ltr'><strong>onerant,</strong></span> <span class='ocrx_word' id='word_1_142' title='bbox 665 1994 698 2046; x_wconf 89' lang='lat' dir='ltr'><strong>et</strong></span> <span class='ocrx_word' id='word_1_143' title='bbox 713 1984 821 2046; x_wconf 92' lang='lat' dir='ltr'><strong>onusti</strong></span> <span class='ocrx_word' id='word_1_144' title='bbox 836 1982 1039 2046; x_wconf 89' lang='lat' dir='ltr'><strong>anathemate</strong></span> <span class='ocrx_word' id='word_1_145' title='bbox 1055 1982 1097 2045; x_wconf 89' lang='lat' dir='ltr'><strong>ad</strong></span> <span class='ocrx_word' id='word_1_146' title='bbox 1112 2005 1206 2046; x_wconf 88' lang='lat' dir='ltr'><strong>exer-</strong></span> 
     </span>
     <span class='ocr_line' id='line_1_19' title="bbox 58 2068 1205 2158; baseline -0.003 -23"><span class='ocrx_word' id='word_1_147' title='bbox 58 2071 160 2136; x_wconf 91' lang='lat' dir='ltr'><strong>citum</strong></span> <span class='ocrx_word' id='word_1_148' title='bbox 186 2072 310 2158; x_wconf 84' lang='lat' dir='ltr'><strong>regium</strong></span> <span class='ocrx_word' id='word_1_149' title='bbox 339 2084 515 2156; x_wconf 88' lang='lat' dir='ltr'><strong>reportant,</strong></span> <span class='ocrx_word' id='word_1_150' title='bbox 547 2083 580 2134; x_wconf 92' lang='lat' dir='ltr'><strong>et</strong></span> <span class='ocrx_word' id='word_1_151' title='bbox 609 2071 700 2156; x_wconf 92' lang='lat' dir='ltr'><strong>equis</strong></span> <span class='ocrx_word' id='word_1_152' title='bbox 730 2070 795 2136; x_wconf 89' lang='lat' dir='ltr'><strong>suis</strong></span> <span class='ocrx_word' id='word_1_153' title='bbox 825 2068 943 2132; x_wconf 87' lang='lat' dir='ltr'><strong>exinde</strong></span> <span class='ocrx_word' id='word_1_154' title='bbox 974 2082 1139 2151; x_wconf 89' lang='lat' dir='ltr'><strong>apponunt</strong></span> <span class='ocrx_word' id='word_1_155' title='bbox 1168 2082 1205 2132; x_wconf 86' lang='lat' dir='ltr'><strong>ut</strong></span> 
     </span>
     <span class='ocr_line' id='line_1_20' title="bbox 55 2154 1204 2243; baseline -0.003 -21"><span class='ocrx_word' id='word_1_156' title='bbox 55 2158 240 2222; x_wconf 87' lang='lat' dir='ltr'><strong>comedant.</strong></span> <span class='ocrx_word' id='word_1_157' title='bbox 289 2158 368 2221; x_wconf 86' lang='lat' dir='ltr'><strong>Erat</strong></span> <span class='ocrx_word' id='word_1_158' title='bbox 383 2170 491 2222; x_wconf 90' lang='lat' dir='ltr'><strong>autem</strong></span> <span class='ocrx_word' id='word_1_159' title='bbox 501 2160 570 2243; x_wconf 91' lang='lat' dir='ltr'><strong>jam</strong></span> <span class='ocrx_word' id='word_1_160' title='bbox 585 2157 671 2220; x_wconf 92' lang='lat' dir='ltr'><strong>dicto</strong></span> <span class='ocrx_word' id='word_1_161' title='bbox 690 2156 836 2220; x_wconf 87' lang='lat' dir='ltr'><strong>Roberto</strong></span> <span class='ocrx_word' id='word_1_162' title='bbox 848 2178 950 2242; x_wconf 86' lang='lat' dir='ltr'><strong>equus</strong></span> <span class='ocrx_word' id='word_1_163' title='bbox 965 2154 1155 2233; x_wconf 90' lang='lat' dir='ltr'><strong>carissimus,</strong></span> <span class='ocrx_word' id='word_1_164' title='bbox 1170 2157 1204 2219; x_wconf 94' lang='lat' dir='ltr'><strong>in</strong></span> 
     </span>
     <span class='ocr_line' id='line_1_21' title="bbox 58 2241 1203 2331; baseline -0.002 -23"><span class='ocrx_word' id='word_1_165' title='bbox 58 2269 124 2331; x_wconf 92' lang='lat' dir='ltr'><strong>quo</strong></span> <span class='ocrx_word' id='word_1_166' title='bbox 151 2245 305 2321; x_wconf 91' lang='lat' dir='ltr'><strong>residens,</strong></span> <span class='ocrx_word' id='word_1_167' title='bbox 333 2243 483 2309; x_wconf 91' lang='lat' dir='ltr'><strong>militaria</strong></span> <span class='ocrx_word' id='word_1_168' title='bbox 509 2265 659 2308; x_wconf 89' lang='lat' dir='ltr'><strong>exercere</strong></span> <span class='ocrx_word' id='word_1_169' title='bbox 687 2242 821 2320; x_wconf 88' lang='lat' dir='ltr'><strong>solebat,</strong></span> <span class='ocrx_word' id='word_1_170' title='bbox 850 2241 998 2327; x_wconf 89' lang='lat' dir='ltr'><strong>quotiens</strong></span> <span class='ocrx_word' id='word_1_171' title='bbox 1029 2243 1203 2306; x_wconf 89' lang='lat' dir='ltr'><strong>necessitas</strong></span> 
     </span>
     <span class='ocr_line' id='line_1_22' title="bbox 58 2328 1214 2417; baseline -0.003 -21"><span class='ocrx_word' id='word_1_172' title='bbox 58 2332 221 2415; x_wconf 83' lang='lat' dir='ltr'><strong>exigebat.</strong></span> <span class='ocrx_word' id='word_1_173' title='bbox 267 2331 329 2397; x_wconf 88' lang='lat' dir='ltr'><strong>cui</strong></span> <span class='ocrx_word' id='word_1_174' title='bbox 345 2331 429 2395; x_wconf 90' lang='lat' dir='ltr'><strong>inter</strong></span> <span class='ocrx_word' id='word_1_175' title='bbox 443 2344 579 2396; x_wconf 91' lang='lat' dir='ltr'><strong>caeteros</strong></span> <span class='ocrx_word' id='word_1_176' title='bbox 595 2353 693 2417; x_wconf 89' lang='lat' dir='ltr'><strong>equos</strong></span> <span class='ocrx_word' id='word_1_177' title='bbox 709 2331 890 2414; x_wconf 90' lang='lat' dir='ltr'><strong>appositum</strong></span> <span class='ocrx_word' id='word_1_178' title='bbox 906 2341 956 2392; x_wconf 91' lang='lat' dir='ltr'><strong>est</strong></span> <span class='ocrx_word' id='word_1_179' title='bbox 972 2328 1013 2392; x_wconf 90' lang='lat' dir='ltr'><strong>de</strong></span> <span class='ocrx_word' id='word_1_180' title='bbox 1028 2329 1148 2413; x_wconf 71' lang='lat' dir='ltr'><strong>rapina,</strong></span> <span class='ocrx_word' id='word_1_181' title='bbox 1166 2345 1214 2401; x_wconf 67' lang='lat' dir='ltr'><strong>ut,</strong></span> 
     </span>
     <span class='ocr_line' id='line_1_23' title="bbox 56 2414 1202 2515; baseline -0.002 -33"><span class='ocrx_word' id='word_1_182' title='bbox 56 2420 254 2483; x_wconf 89' lang='lat' dir='ltr'><strong>comederet.</strong></span> <span class='ocrx_word' id='word_1_183' title='bbox 301 2419 524 2483; x_wconf 89' lang='lat' dir='ltr'><strong>Comedebant</strong></span> <span class='ocrx_word' id='word_1_184' title='bbox 539 2441 649 2482; x_wconf 92' lang='lat' dir='ltr'><strong>omnes</strong></span> <span class='ocrx_word' id='word_1_185' title='bbox 665 2414 767 2495; x_wconf 68' lang='lat' dir='ltr'><strong>avide,</strong></span> <span class='ocrx_word' id='word_1_186' title='bbox 785 2416 860 2515; x_wconf 84' lang='lat' dir='ltr'><strong>quia</strong></span> <span class='ocrx_word' id='word_1_187' title='bbox 874 2416 959 2479; x_wconf 89' lang='lat' dir='ltr'><strong>same</strong></span> <span class='ocrx_word' id='word_1_188' title='bbox 974 2415 1123 2480; x_wconf 71' lang='lat' dir='ltr'><strong>diuturna</strong></span> <span class='ocrx_word' id='word_1_189' title='bbox 1135 2437 1202 2500; x_wconf 88' lang='lat' dir='ltr'><strong>prae</strong></span> 
     </span>
     <span class='ocr_line' id='line_1_24' title="bbox 57 2502 1203 2590; baseline -0.003 -21"><span class='ocrx_word' id='word_1_190' title='bbox 57 2506 202 2570; x_wconf 92' lang='lat' dir='ltr'><strong>ciborum</strong></span> <span class='ocrx_word' id='word_1_191' title='bbox 218 2505 352 2590; x_wconf 71' lang='lat' dir='ltr'><strong>penuriis</strong></span> <span class='ocrx_word' id='word_1_192' title='bbox 366 2505 600 2569; x_wconf 91' lang='lat' dir='ltr'><strong>cruciabantur.</strong></span> <span class='ocrx_word' id='word_1_193' title='bbox 649 2503 715 2568; x_wconf 90' lang='lat' dir='ltr'><strong>Sed</strong></span> <span class='ocrx_word' id='word_1_194' title='bbox 729 2502 783 2567; x_wconf 90' lang='lat' dir='ltr'><strong>alii</strong></span> <span class='ocrx_word' id='word_1_195' title='bbox 798 2502 1009 2567; x_wconf 75' lang='lat' dir='ltr'><strong>incontinenti</strong></span> <span class='ocrx_word' id='word_1_196' title='bbox 1023 2502 1203 2567; x_wconf 86' lang='lat' dir='ltr'><strong>morieban-</strong></span> 
     </span>
     <span class='ocr_line' id='line_1_25' title="bbox 59 2589 1203 2678; baseline -0.003 -22"><span class='ocrx_word' id='word_1_197' title='bbox 59 2608 122 2670; x_wconf 91' lang='lat' dir='ltr'><strong>tur,</strong></span> <span class='ocrx_word' id='word_1_198' title='bbox 148 2594 201 2678; x_wconf 89' lang='lat' dir='ltr'><strong>alii</strong></span> <span class='ocrx_word' id='word_1_199' title='bbox 227 2591 261 2655; x_wconf 88' lang='lat' dir='ltr'><strong>iu</strong></span> <span class='ocrx_word' id='word_1_200' title='bbox 284 2591 440 2656; x_wconf 89' lang='lat' dir='ltr'><strong>insaniam</strong></span> <span class='ocrx_word' id='word_1_201' title='bbox 466 2593 683 2656; x_wconf 82' lang='lat' dir='ltr'><strong>vertebantur.</strong></span> <span class='ocrx_word' id='word_1_202' title='bbox 741 2590 902 2654; x_wconf 87' lang='lat' dir='ltr'><strong>Insaniam</strong></span> <span class='ocrx_word' id='word_1_203' title='bbox 916 2611 1054 2675; x_wconf 90' lang='lat' dir='ltr'><strong>namque</strong></span> <span class='ocrx_word' id='word_1_204' title='bbox 1070 2589 1203 2654; x_wconf 91' lang='lat' dir='ltr'><strong>diversis</strong></span> 
     </span>
     <span class='ocr_line' id='line_1_26' title="bbox 59 2675 1203 2763; baseline -0.002 -21"><span class='ocrx_word' id='word_1_205' title='bbox 59 2680 184 2743; x_wconf 91' lang='lat' dir='ltr'><strong>indiciis</strong></span> <span class='ocrx_word' id='word_1_206' title='bbox 193 2678 385 2763; x_wconf 88' lang='lat' dir='ltr'><strong>prodebant.</strong></span> <span class='ocrx_word' id='word_1_207' title='bbox 434 2678 496 2741; x_wconf 88' lang='lat' dir='ltr'><strong>Alii</strong></span> <span class='ocrx_word' id='word_1_208' title='bbox 508 2680 592 2741; x_wconf 92' lang='lat' dir='ltr'><strong>enim</strong></span> <span class='ocrx_word' id='word_1_209' title='bbox 603 2678 746 2742; x_wconf 88' lang='lat' dir='ltr'><strong>membra</strong></span> <span class='ocrx_word' id='word_1_210' title='bbox 754 2677 890 2762; x_wconf 91' lang='lat' dir='ltr'><strong>propriis</strong></span> <span class='ocrx_word' id='word_1_211' title='bbox 900 2675 1050 2739; x_wconf 88' lang='lat' dir='ltr'><strong>dentibus</strong></span> <span class='ocrx_word' id='word_1_212' title='bbox 1066 2676 1126 2740; x_wconf 92' lang='lat' dir='ltr'><strong>sibi</strong></span> <span class='ocrx_word' id='word_1_213' title='bbox 1138 2676 1203 2740; x_wconf 91' lang='lat' dir='ltr'><strong>dis·</strong></span> 
     </span>
     <span class='ocr_line' id='line_1_27' title="bbox 58 2762 1204 2850; baseline -0.004 -21"><span class='ocrx_word' id='word_1_214' title='bbox 58 2767 255 2850; x_wconf 90' lang='lat' dir='ltr'><strong>cerpebant;</strong></span> <span class='ocrx_word' id='word_1_215' title='bbox 287 2764 341 2829; x_wconf 91' lang='lat' dir='ltr'><strong>alii</strong></span> <span class='ocrx_word' id='word_1_216' title='bbox 362 2764 487 2848; x_wconf 86' lang='lat' dir='ltr'><strong>linguas</strong></span> <span class='ocrx_word' id='word_1_217' title='bbox 510 2765 570 2828; x_wconf 89' lang='lat' dir='ltr'><strong>sibi</strong></span> <span class='ocrx_word' id='word_1_218' title='bbox 592 2764 731 2829; x_wconf 88' lang='lat' dir='ltr'><strong>abscisas</strong></span> <span class='ocrx_word' id='word_1_219' title='bbox 755 2765 951 2849; x_wconf 89' lang='lat' dir='ltr'><strong>expuebant,</strong></span> <span class='ocrx_word' id='word_1_220' title='bbox 975 2776 1010 2826; x_wconf 91' lang='lat' dir='ltr'><strong>et</strong></span> <span class='ocrx_word' id='word_1_221' title='bbox 1032 2762 1204 2847; x_wconf 87' lang='lat' dir='ltr'><strong>adpropin-</strong></span> 
     </span>
     <span class='ocr_line' id='line_1_28' title="bbox 56 2849 1287 2937; baseline -0.003 -22"><span class='ocrx_word' id='word_1_222' title='bbox 56 2867 195 2937; x_wconf 91' lang='lat' dir='ltr'><strong>quantes</strong></span> <span class='ocrx_word' id='word_1_223' title='bbox 211 2874 356 2937; x_wconf 90' lang='lat' dir='ltr'><strong>quosque</strong></span> <span class='ocrx_word' id='word_1_224' title='bbox 371 2852 458 2915; x_wconf 89' lang='lat' dir='ltr'><strong>calce</strong></span> <span class='ocrx_word' id='word_1_225' title='bbox 474 2865 507 2915; x_wconf 92' lang='lat' dir='ltr'><strong>et</strong></span> <span class='ocrx_word' id='word_1_226' title='bbox 521 2873 629 2915; x_wconf 88' lang='lat' dir='ltr'><strong>morsu</strong></span> <span class='ocrx_word' id='word_1_227' title='bbox 644 2850 815 2914; x_wconf 87' lang='lat' dir='ltr'><strong>laedebant.</strong></span> <span class='ocrx_word' id='word_1_228' title='bbox 854 2849 1007 2915; x_wconf 65' lang='lat' dir='ltr'><strong>Audiens</strong></span> <span class='ocrx_word' id='word_1_229' title='bbox 1028 2870 1106 2933; x_wconf 90' lang='lat' dir='ltr'><strong>ergo</strong></span> <span class='ocrx_word' id='word_1_230' title='bbox 1121 2871 1204 2934; x_wconf 89' lang='lat' dir='ltr'><strong>prae·</strong></span> <span class='ocrx_word' id='word_1_231' title='bbox 1283 2853 1287 2860; x_wconf 86' lang='lat'>&#39;</span> 
     </span>
     <span class='ocr_line' id='line_1_29' title="bbox 58 2937 1201 3024; baseline -0.004 -21"><span class='ocrx_word' id='word_1_232' title='bbox 58 2940 165 3003; x_wconf 87' lang='lat' dir='ltr'><strong>dictus</strong></span> <span class='ocrx_word' id='word_1_233' title='bbox 180 2939 328 3002; x_wconf 92' lang='lat' dir='ltr'><strong>tribunus</strong></span> <span class='ocrx_word' id='word_1_234' title='bbox 343 2960 459 3024; x_wconf 91' lang='lat' dir='ltr'><strong>equum</strong></span> <span class='ocrx_word' id='word_1_235' title='bbox 475 2951 540 3000; x_wconf 90' lang='lat' dir='ltr'><strong>tam</strong></span> <span class='ocrx_word' id='word_1_236' title='bbox 555 2951 751 3001; x_wconf 75' lang='lat' dir='ltr'><strong>catumeum</strong></span> <span class='ocrx_word' id='word_1_237' title='bbox 766 2937 835 3001; x_wconf 88' lang='lat' dir='ltr'><strong>aliis</strong></span> <span class='ocrx_word' id='word_1_238' title='bbox 851 2937 883 2999; x_wconf 92' lang='lat' dir='ltr'><strong>iu</strong></span> <span class='ocrx_word' id='word_1_239' title='bbox 899 2937 1054 3000; x_wconf 88' lang='lat' dir='ltr'><strong>insaniam</strong></span> <span class='ocrx_word' id='word_1_240' title='bbox 1064 2958 1201 3013; x_wconf 91' lang='lat' dir='ltr'><strong>versum,</strong></span> 
     </span>
     <span class='ocr_line' id='line_1_30' title="bbox 59 3023 1205 3109; baseline -0.003 -20"><span class='ocrx_word' id='word_1_241' title='bbox 59 3025 217 3100; x_wconf 82' lang='lat' dir='ltr'><strong>indoluit3</strong></span> <span class='ocrx_word' id='word_1_242' title='bbox 233 3037 268 3089; x_wconf 90' lang='lat' dir='ltr'><strong>et</strong></span> <span class='ocrx_word' id='word_1_243' title='bbox 282 3025 380 3088; x_wconf 70' lang='lat' dir='ltr'><strong>causi</strong></span> <span class='ocrx_word' id='word_1_244' title='bbox 394 3025 531 3108; x_wconf 68' lang='lat' dir='ltr'><strong>cognita,</strong></span> <span class='ocrx_word' id='word_1_245' title='bbox 545 3024 586 3088; x_wconf 92' lang='lat' dir='ltr'><strong>de</strong></span> <span class='ocrx_word' id='word_1_246' title='bbox 601 3024 745 3108; x_wconf 68' lang='lat' dir='ltr'><strong>pacandi</strong></span> <span class='ocrx_word' id='word_1_247' title='bbox 763 3024 871 3088; x_wconf 89' lang='lat' dir='ltr'><strong>Sancti</strong></span> <span class='ocrx_word' id='word_1_248' title='bbox 889 3023 1041 3109; x_wconf 88' lang='lat' dir='ltr'><strong>Martyris</strong></span> <span class='ocrx_word' id='word_1_249' title='bbox 1058 3023 1205 3107; x_wconf 90' lang='lat' dir='ltr'><strong>indigna-</strong></span> 
     </span>
     <span class='ocr_line' id='line_1_31' title="bbox 59 3110 1204 3197; baseline -0.002 -21"><span class='ocrx_word' id='word_1_250' title='bbox 59 3113 148 3176; x_wconf 91' lang='lat' dir='ltr'><strong>tione</strong></span> <span class='ocrx_word' id='word_1_251' title='bbox 165 3135 274 3176; x_wconf 90' lang='lat' dir='ltr'><strong>seeum</strong></span> <span class='ocrx_word' id='word_1_252' title='bbox 289 3110 490 3176; x_wconf 88' lang='lat' dir='ltr'><strong>deliberavit.</strong></span> <span class='ocrx_word' id='word_1_253' title='bbox 537 3110 659 3175; x_wconf 88' lang='lat' dir='ltr'><strong>Pallam</strong></span> <span class='ocrx_word' id='word_1_254' title='bbox 671 3110 778 3196; x_wconf 89' lang='lat' dir='ltr'><strong>itaque</strong></span> <span class='ocrx_word' id='word_1_255' title='bbox 789 3134 886 3197; x_wconf 90' lang='lat' dir='ltr'><strong>quam</strong></span> <span class='ocrx_word' id='word_1_256' title='bbox 896 3111 1036 3174; x_wconf 88' lang='lat' dir='ltr'><strong>habebat</strong></span> <span class='ocrx_word' id='word_1_257' title='bbox 1049 3111 1204 3195; x_wconf 91' lang='lat' dir='ltr'><strong>optimam</strong></span> 
     </span>
     <span class='ocr_line' id='line_1_32' title="bbox 61 3197 1205 3281; baseline -0.003 -18"><span class='ocrx_word' id='word_1_258' title='bbox 61 3201 121 3264; x_wconf 93' lang='lat' dir='ltr'><strong>sub</strong></span> <span class='ocrx_word' id='word_1_259' title='bbox 134 3200 219 3263; x_wconf 94' lang='lat' dir='ltr'><strong>omni</strong></span> <span class='ocrx_word' id='word_1_260' title='bbox 235 3199 400 3263; x_wconf 89' lang='lat' dir='ltr'><strong>celeritate</strong></span> <span class='ocrx_word' id='word_1_261' title='bbox 421 3199 538 3262; x_wconf 89' lang='lat' dir='ltr'><strong>Sancto</strong></span> <span class='ocrx_word' id='word_1_262' title='bbox 554 3197 737 3274; x_wconf 90' lang='lat' dir='ltr'><strong>destinavit,</strong></span> <span class='ocrx_word' id='word_1_263' title='bbox 754 3211 788 3262; x_wconf 91' lang='lat' dir='ltr'><strong>et</strong></span> <span class='ocrx_word' id='word_1_264' title='bbox 804 3220 899 3281; x_wconf 89' lang='lat' dir='ltr'><strong>super</strong></span> <span class='ocrx_word' id='word_1_265' title='bbox 913 3197 1205 3261; x_wconf 87' lang='lat' dir='ltr'><strong>reverentissimum</strong></span> 
     </span>
     <span class='ocr_line' id='line_1_33' title="bbox 59 3284 1205 3372; baseline -0.004 -21"><span class='ocrx_word' id='word_1_266' title='bbox 59 3289 129 3372; x_wconf 90' lang='lat' dir='ltr'><strong>ejus</strong></span> <span class='ocrx_word' id='word_1_267' title='bbox 139 3310 254 3372; x_wconf 90' lang='lat' dir='ltr'><strong>corpus</strong></span> <span class='ocrx_word' id='word_1_268' title='bbox 266 3285 400 3350; x_wconf 85' lang='lat' dir='ltr'><strong>extendi</strong></span> <span class='ocrx_word' id='word_1_269' title='bbox 411 3286 575 3370; x_wconf 78' lang='lat' dir='ltr'><strong>praecepit.</strong></span> <span class='ocrx_word' id='word_1_270' title='bbox 622 3285 710 3349; x_wconf 88' lang='lat' dir='ltr'><strong>Mira</strong></span> <span class='ocrx_word' id='word_1_271' title='bbox 720 3285 790 3349; x_wconf 85' lang='lat' dir='ltr'><strong>resl</strong></span> <span class='ocrx_word' id='word_1_272' title='bbox 833 3285 901 3348; x_wconf 89' lang='lat' dir='ltr'><strong>Sub</strong></span> <span class='ocrx_word' id='word_1_273' title='bbox 913 3284 1028 3347; x_wconf 88' lang='lat' dir='ltr'><strong>eodem</strong></span> <span class='ocrx_word' id='word_1_274' title='bbox 1040 3296 1205 3348; x_wconf 93' lang='lat' dir='ltr'><strong>momento</strong></span> 
     </span>
     <span class='ocr_line' id='line_1_34' title="bbox 58 3369 1204 3459; baseline -0.003 -22"><span class='ocrx_word' id='word_1_275' title='bbox 58 3395 124 3458; x_wconf 91' lang='lat' dir='ltr'><strong>quo</strong></span> <span class='ocrx_word' id='word_1_276' title='bbox 142 3375 226 3459; x_wconf 89' lang='lat' dir='ltr'><strong>palla</strong></span> <span class='ocrx_word' id='word_1_277' title='bbox 244 3372 415 3458; x_wconf 90' lang='lat' dir='ltr'><strong>sepulchro</strong></span> <span class='ocrx_word' id='word_1_278' title='bbox 434 3373 633 3456; x_wconf 88' lang='lat' dir='ltr'><strong>superposita</strong></span> <span class='ocrx_word' id='word_1_279' title='bbox 651 3385 712 3449; x_wconf 90' lang='lat' dir='ltr'><strong>est,</strong></span> <span class='ocrx_word' id='word_1_280' title='bbox 730 3384 763 3436; x_wconf 91' lang='lat' dir='ltr'><strong>et</strong></span> <span class='ocrx_word' id='word_1_281' title='bbox 787 3392 889 3457; x_wconf 88' lang='lat' dir='ltr'><strong>equus</strong></span> <span class='ocrx_word' id='word_1_282' title='bbox 908 3370 1051 3454; x_wconf 85' lang='lat' dir='ltr'><strong>pristinae</strong></span> <span class='ocrx_word' id='word_1_283' title='bbox 1075 3369 1204 3434; x_wconf 88' lang='lat' dir='ltr'><strong>sanitati</strong></span> 
     </span>
     <span class='ocr_line' id='line_1_35' title="bbox 60 3456 1204 3540; baseline -0.002 -18"><span class='ocrx_word' id='word_1_284' title='bbox 60 3461 228 3524; x_wconf 90' lang='lat' dir='ltr'><strong>restitutus</strong></span> <span class='ocrx_word' id='word_1_285' title='bbox 254 3472 316 3536; x_wconf 92' lang='lat' dir='ltr'><strong>est,</strong></span> <span class='ocrx_word' id='word_1_286' title='bbox 342 3473 375 3524; x_wconf 93' lang='lat' dir='ltr'><strong>et</strong></span> <span class='ocrx_word' id='word_1_287' title='bbox 402 3460 548 3524; x_wconf 92' lang='lat' dir='ltr'><strong>tribunus</strong></span> <span class='ocrx_word' id='word_1_288' title='bbox 573 3459 763 3523; x_wconf 79' lang='lat' dir='ltr'><strong>multimoda</strong></span> <span class='ocrx_word' id='word_1_289' title='bbox 788 3457 902 3521; x_wconf 80' lang='lat' dir='ltr'><strong>laetitit</strong></span> <span class='ocrx_word' id='word_1_290' title='bbox 926 3456 1078 3540; x_wconf 90' lang='lat' dir='ltr'><strong>repletus.</strong></span> <span class='ocrx_word' id='word_1_291' title='bbox 1139 3456 1204 3530; x_wconf 86' lang='lat' dir='ltr'><strong>Qui</strong></span> 
     </span>
     <span class='ocr_line' id='line_1_36' title="bbox 65 3546 1205 3631; baseline -0.002 -21"><span class='ocrx_word' id='word_1_292' title='bbox 65 3548 175 3611; x_wconf 90' lang='lat' dir='ltr'><strong>Sancti</strong></span> <span class='ocrx_word' id='word_1_293' title='bbox 197 3546 348 3611; x_wconf 90' lang='lat' dir='ltr'><strong>meritum</strong></span> <span class='ocrx_word' id='word_1_294' title='bbox 369 3547 544 3631; x_wconf 74' lang='lat' dir='ltr'><strong>praedicare</strong></span> <span class='ocrx_word' id='word_1_295' title='bbox 558 3569 623 3611; x_wconf 91' lang='lat' dir='ltr'><strong>non</strong></span> <span class='ocrx_word' id='word_1_296' title='bbox 638 3546 773 3623; x_wconf 91' lang='lat' dir='ltr'><strong>destitit,</strong></span> <span class='ocrx_word' id='word_1_297' title='bbox 791 3558 824 3608; x_wconf 89' lang='lat' dir='ltr'><strong>et</strong></span> <span class='ocrx_word' id='word_1_298' title='bbox 839 3567 908 3608; x_wconf 91' lang='lat' dir='ltr'><strong>rem</strong></span> <span class='ocrx_word' id='word_1_299' title='bbox 926 3556 1052 3627; x_wconf 86' lang='lat' dir='ltr'><strong>gestam</strong></span> <span class='ocrx_word' id='word_1_300' title='bbox 1074 3566 1205 3609; x_wconf 89' lang='lat' dir='ltr'><strong>narrare</strong></span> 
     </span>
     <span class='ocr_line' id='line_1_37' title="bbox 60 3630 1073 3720; baseline -0.003 -23"><span class='ocrx_word' id='word_1_301' title='bbox 60 3633 219 3712; x_wconf 89' lang='lat' dir='ltr'><strong>omnibus,</strong></span> <span class='ocrx_word' id='word_1_302' title='bbox 237 3635 353 3720; x_wconf 93' lang='lat' dir='ltr'><strong>quibus</strong></span> <span class='ocrx_word' id='word_1_303' title='bbox 368 3633 462 3698; x_wconf 66' lang='lat' dir='ltr'><strong>nacta</strong></span> <span class='ocrx_word' id='word_1_304' title='bbox 476 3634 695 3719; x_wconf 87' lang='lat' dir='ltr'><strong>oportunitate</strong></span> <span class='ocrx_word' id='word_1_305' title='bbox 706 3631 823 3719; x_wconf 85' lang='lat' dir='ltr'><strong>potuit,</strong></span> <span class='ocrx_word' id='word_1_306' title='bbox 841 3653 905 3695; x_wconf 91' lang='lat' dir='ltr'><strong>non</strong></span> <span class='ocrx_word' id='word_1_307' title='bbox 922 3630 1073 3695; x_wconf 90' lang='lat' dir='ltr'><strong>tardavit.</strong></span> 
     </span>
    </p>
   </div>
   <div class='ocr_carea' id='block_1_3' title="bbox 63 3895 1204 4061">
    <p class='ocr_par' dir='ltr' id='par_1_3' title="bbox 63 3895 1204 4061">
     <span class='ocr_line' id='line_1_38' title="bbox 63 3895 1204 3978; baseline -0.004 -18"><span class='ocrx_word' id='word_1_308' title='bbox 63 3895 163 3960; x_wconf 85' lang='lat' dir='ltr'><strong>CAP.</strong></span> <span class='ocrx_word' id='word_1_309' title='bbox 185 3895 440 3974; x_wconf 78' lang='lat' dir='ltr'><strong>IX.-anliter</strong></span> <span class='ocrx_word' id='word_1_310' title='bbox 454 3899 581 3978; x_wconf 83' lang='lat' dir='ltr'><strong>quidam</strong></span> <span class='ocrx_word' id='word_1_311' title='bbox 602 3897 688 3958; x_wconf 77' lang='lat' dir='ltr'><strong>miles</strong></span> <span class='ocrx_word' id='word_1_312' title='bbox 710 3898 747 3958; x_wconf 83' lang='lat' dir='ltr'><strong>dc</strong></span> <span class='ocrx_word' id='word_1_313' title='bbox 768 3897 901 3975; x_wconf 69' lang='lat' dir='ltr'><strong>scopulis</strong></span> <span class='ocrx_word' id='word_1_314' title='bbox 923 3914 1015 3957; x_wconf 80' lang='lat' dir='ltr'><strong>ruens</strong></span> <span class='ocrx_word' id='word_1_315' title='bbox 1037 3913 1105 3957; x_wconf 84' lang='lat' dir='ltr'><strong>cum</strong></span> <span class='ocrx_word' id='word_1_316' title='bbox 1119 3911 1204 3974; x_wconf 84' lang='lat' dir='ltr'><strong>equo,</strong></span> 
     </span>
     <span class='ocr_line' id='line_1_39' title="bbox 156 3984 1108 4061; baseline -0.004 -17"><span class='ocrx_word' id='word_1_317' title='bbox 156 4001 215 4044; x_wconf 83' lang='lat' dir='ltr'><strong>uon</strong></span> <span class='ocrx_word' id='word_1_318' title='bbox 230 3984 326 4045; x_wconf 81' lang='lat' dir='ltr'><strong>solum</strong></span> <span class='ocrx_word' id='word_1_319' title='bbox 339 3986 438 4058; x_wconf 80' lang='lat' dir='ltr'><strong>vivus,</strong></span> <span class='ocrx_word' id='word_1_320' title='bbox 452 3985 507 4046; x_wconf 80' lang='lat' dir='ltr'><strong>aad</strong></span> <span class='ocrx_word' id='word_1_321' title='bbox 518 3986 612 4046; x_wconf 83' lang='lat' dir='ltr'><strong>etiam</strong></span> <span class='ocrx_word' id='word_1_322' title='bbox 625 4001 720 4045; x_wconf 83' lang='lat' dir='ltr'><strong>sanus</strong></span> <span class='ocrx_word' id='word_1_323' title='bbox 735 3985 874 4044; x_wconf 68' lang='lat' dir='ltr'><strong>inventius</strong></span> <span class='ocrx_word' id='word_1_324' title='bbox 887 3984 929 4044; x_wconf 81' lang='lat' dir='ltr'><strong>sit</strong></span> <span class='ocrx_word' id='word_1_325' title='bbox 939 4001 1007 4044; x_wconf 84' lang='lat' dir='ltr'><strong>eum</strong></span> <span class='ocrx_word' id='word_1_326' title='bbox 1021 3999 1108 4061; x_wconf 80' lang='lat' dir='ltr'><strong>equo.</strong></span> 
     </span>
    </p>
   </div>
   <div class='ocr_carea' id='block_1_4' title="bbox 61 4146 1210 4564">
    <p class='ocr_par' dir='ltr' id='par_1_4' title="bbox 61 4146 1210 4501">
     <span class='ocr_line' id='line_1_40' title="bbox 109 4146 1205 4240; baseline -0.005 -23"><span class='ocrx_word' id='word_1_327' title='bbox 109 4152 207 4217; x_wconf 84' lang='lat' dir='ltr'><strong>Aliud</strong></span> <span class='ocrx_word' id='word_1_328' title='bbox 218 4175 345 4240; x_wconf 92' lang='lat' dir='ltr'><strong>quoque</strong></span> <span class='ocrx_word' id='word_1_329' title='bbox 354 4154 540 4218; x_wconf 91' lang='lat' dir='ltr'><strong>miraculum</strong></span> <span class='ocrx_word' id='word_1_330' title='bbox 553 4154 699 4238; x_wconf 84' lang='lat' dir='ltr'><strong>praedicti</strong></span> <span class='ocrx_word' id='word_1_331' title='bbox 718 4152 816 4236; x_wconf 86' lang='lat' dir='ltr'><strong>Regis</strong></span> <span class='ocrx_word' id='word_1_332' title='bbox 828 4153 885 4216; x_wconf 88' lang='lat' dir='ltr'><strong>filii</strong></span> <span class='ocrx_word' id='word_1_333' title='bbox 902 4165 1046 4236; x_wconf 90' lang='lat' dir='ltr'><strong>tempore</strong></span> <span class='ocrx_word' id='word_1_334' title='bbox 1059 4146 1205 4230; x_wconf 91' lang='lat' dir='ltr'><strong>contigit,</strong></span> 
     </span>
     <span class='ocr_line' id='line_1_41' title="bbox 61 4238 1208 4327; baseline -0.007 -22"><span class='ocrx_word' id='word_1_335' title='bbox 61 4241 149 4327; x_wconf 92' lang='lat' dir='ltr'><strong>quod</strong></span> <span class='ocrx_word' id='word_1_336' title='bbox 165 4240 206 4302; x_wconf 92' lang='lat' dir='ltr'><strong>ab</strong></span> <span class='ocrx_word' id='word_1_337' title='bbox 222 4263 261 4304; x_wconf 89' lang='lat' dir='ltr'><strong>eo</strong></span> <span class='ocrx_word' id='word_1_338' title='bbox 277 4239 310 4302; x_wconf 89' lang='lat' dir='ltr'><strong>in</strong></span> <span class='ocrx_word' id='word_1_339' title='bbox 324 4262 388 4326; x_wconf 91' lang='lat' dir='ltr'><strong>quo</strong></span> <span class='ocrx_word' id='word_1_340' title='bbox 402 4242 599 4306; x_wconf 87' lang='lat' dir='ltr'><strong>celebratum</strong></span> <span class='ocrx_word' id='word_1_341' title='bbox 618 4254 678 4319; x_wconf 88' lang='lat' dir='ltr'><strong>est,</strong></span> <span class='ocrx_word' id='word_1_342' title='bbox 695 4240 811 4324; x_wconf 86' lang='lat' dir='ltr'><strong>saepius</strong></span> <span class='ocrx_word' id='word_1_343' title='bbox 830 4252 864 4303; x_wconf 90' lang='lat' dir='ltr'><strong>et</strong></span> <span class='ocrx_word' id='word_1_344' title='bbox 886 4238 1029 4324; x_wconf 89' lang='lat' dir='ltr'><strong>pluribus</strong></span> <span class='ocrx_word' id='word_1_345' title='bbox 1044 4245 1208 4297; x_wconf 88' lang='lat' dir='ltr'><strong>narratum</strong></span> 
     </span>
     <span class='ocr_line' id='line_1_42' title="bbox 61 4317 1210 4414; baseline -0.006 -22"><span class='ocrx_word' id='word_1_346' title='bbox 61 4339 120 4392; x_wconf 86' lang='lat' dir='ltr'><strong>est.</strong></span> <span class='ocrx_word' id='word_1_347' title='bbox 168 4326 343 4391; x_wconf 88' lang='lat' dir='ltr'><strong>Direxerat</strong></span> <span class='ocrx_word' id='word_1_348' title='bbox 358 4349 416 4391; x_wconf 90' lang='lat' dir='ltr'><strong>rex</strong></span> <span class='ocrx_word' id='word_1_349' title='bbox 435 4328 609 4393; x_wconf 89' lang='lat' dir='ltr'><strong>Willelmus</strong></span> <span class='ocrx_word' id='word_1_350' title='bbox 620 4327 729 4414; x_wconf 88' lang='lat' dir='ltr'><strong>junior</strong></span> <span class='ocrx_word' id='word_1_351' title='bbox 744 4346 970 4412; x_wconf 91' lang='lat' dir='ltr'><strong>nonnunquam</strong></span> <span class='ocrx_word' id='word_1_352' title='bbox 988 4317 1152 4402; x_wconf 90' lang='lat' dir='ltr'><strong>Nigellum</strong></span> <span class='ocrx_word' id='word_1_353' title='bbox 1168 4322 1210 4385; x_wconf 91' lang='lat' dir='ltr'><strong>de</strong></span> 
     </span>
     <span class='ocr_line' id='line_1_43' title="bbox 64 4407 1210 4501; baseline -0.006 -23"><span class='ocrx_word' id='word_1_354' title='bbox 64 4413 225 4495; x_wconf 84' lang='lat' dir='ltr'><strong>Albineio,</strong></span> <span class='ocrx_word' id='word_1_355' title='bbox 242 4435 360 4501; x_wconf 87' lang='lat' dir='ltr'><strong>magno</strong></span> <span class='ocrx_word' id='word_1_356' title='bbox 383 4425 417 4477; x_wconf 91' lang='lat' dir='ltr'><strong>et</strong></span> <span class='ocrx_word' id='word_1_357' title='bbox 439 4415 545 4480; x_wconf 90' lang='lat' dir='ltr'><strong>valido</strong></span> <span class='ocrx_word' id='word_1_358' title='bbox 565 4415 702 4479; x_wconf 90' lang='lat' dir='ltr'><strong>militnm</strong></span> <span class='ocrx_word' id='word_1_359' title='bbox 723 4409 875 4493; x_wconf 90' lang='lat' dir='ltr'><strong>stipatum</strong></span> <span class='ocrx_word' id='word_1_360' title='bbox 895 4410 1031 4495; x_wconf 83' lang='lat' dir='ltr'><strong>agmine,</strong></span> <span class='ocrx_word' id='word_1_361' title='bbox 1050 4426 1122 4468; x_wconf 93' lang='lat' dir='ltr'><strong>cum</strong></span> <span class='ocrx_word' id='word_1_362' title='bbox 1141 4407 1210 4471; x_wconf 90' lang='lat' dir='ltr'><strong>aliis</strong></span> 
     </span>
    </p>

    <p class='ocr_par' dir='ltr' id='par_1_5' title="bbox 604 4506 662 4564">
     <span class='ocr_line' id='line_1_44' title="bbox 604 4506 662 4564; baseline -0.017 0"><span class='ocrx_word' id='word_1_363' title='bbox 604 4506 662 4564; x_wconf 81' lang='lat'><strong>133</strong></span> 
     </span>
    </p>
   </div>
   <div class='ocr_carea' id='block_1_5' title="bbox 0 0 1450 5018">
    <p class='ocr_par' dir='ltr' id='par_1_6' title="bbox 0 0 1450 5018">
     <span class='ocr_line' id='line_1_45' title="bbox 0 0 1450 5018; baseline 0 0"><span class='ocrx_word' id='word_1_364' title='bbox 0 0 1450 5018; x_wconf 95' lang='lat' dir='ltr'><strong> </strong></span> 
     </span>
    </p>
   </div>
  </div>
 </body>
</html>
