2888 5018
249 343 300 412 68
693 353 788 406 vura
816 352 957 405 oswmr

252 522 342 612 quod
365 520 485 585 dicitur
509 520 564 586 Ad
586 518 726 584 Vincula
747 520 817 602 ipsa
838 515 953 580 mulier
976 514 1009 578 in
1032 513 1204 598 praesentia
1229 511 1392 600 Martyris,

251 610 346 675 solita
363 608 513 673 instantia
539 606 675 672 orationi
698 606 915 681 incumberet3
954 615 986 668 et
1001 603 1079 666 dum
1103 601 1249 666 divinum
1266 601 1300 666 in
1325 625 1393 666 con·

251 711 352 765 ventu
375 697 594 762 celebraretur
620 695 771 773 officium,
789 705 908 778 optatae
931 690 1060 757 reddita
1074 689 1218 776 sospitati
1239 693 1392 768 surrexit3

251 787 407 872 nobisque
424 784 629 850 cernentibus
644 784 795 848 baculum
810 784 843 845 in
865 778 1081 846 testimonium
1097 776 1242 843 sanitatis
1258 794 1393 864 accepta

252 875 446 962 relinquens,
472 897 545 961 quae
568 885 733 956 repenset
756 870 854 935 tristis
870 870 1052 946 advenerat,
1068 867 1218 967 gradiens
1242 879 1277 931 et
1292 867 1393 932 hilaris

251 962 408 1028 remeavit
423 963 465 1026 ad
487 961 631 1046 propria:
657 962 726 1044 ipso
746 959 900 1023 Sanctum
915 980 1007 1021 suum
1031 956 1148 1020 tahbus
1163 953 1341 1040 insignibus
1363 956 1394 1021 il·

250 1051 416 1130 lustrante,
430 1051 486 1137 qui
498 1062 546 1115 est
562 1049 652 1113 Deus
664 1047 854 1113 benedictus
866 1046 899 1110 in
913 1045 1030 1114 secula.
1078 1046 1198 1112 Anas.

250 1314 349 1383 CAP.
373 1311 596 1379 XLIV.-De
625 1313 762 1395 quddam
785 1312 892 1392 puella
921 1310 943 1374 d
972 1313 1107 1374 daemoae
1133 1319 1258 1387 cecata,
1288 1261 1319 1375 ct
1340 1333 1395 1394 per

590 1402 735 1500 Sanctum
753 1398 914 1463 oswinum
928 1399 1070 1462 liberatd.

296 1574 409 1640 Puella
428 1574 576 1662 quaedam
599 1576 640 1639 de
664 1574 884 1638 Northsetuue
911 1573 1013 1638 atroci
1035 1574 1183 1637 daemone
1207 1573 1393 1648 vexabatur,

251 1687 325 1752 quae
341 1687 421 1750 quos
434 1663 590 1747 attingere
605 1674 744 1748 poterat,
762 1662 922 1745 unguibus
932 1675 964 1725 et
977 1685 1083 1726 morsu
1099 1660 1252 1728 laniabat.
1304 1662 1395 1726 Hanc

250 1767 400 1840 parentes
416 1754 473 1831 sui,
488 1752 528 1816 de
543 1752 651 1816 Sancti
667 1749 785 1814 meritis
800 1764 1042 1835 praesumeutes,
1057 1750 1099 1814 ad
1111 1749 1266 1834 Martyris
1277 1750 1395 1815 duxere

251 1840 480 1926 praesentiam5
504 1852 537 1903 et
565 1838 684 1902 ibidem
701 1861 774 1902 curn
798 1838 835 1901 ed
850 1838 881 1900 in
906 1838 1051 1902 oratione
1079 1849 1317 1922 pernoctantes,
1343 1862 1396 1923 per

254 1928 364 1994 Sancti
380 1927 495 1992 merita
518 1940 629 2012 optato
645 1928 742 2012 potiti
758 1926 902 1990 sanitatis
925 1928 1093 2004 benefici0,
1110 1925 1253 2011 puellam
1276 1926 1396 1990 incolu-

251 2040 337 2081 mem
356 2017 501 2082 laetantes
517 2016 559 2079 ad
581 2015 711 2102 propria
726 2015 937 2084 reduxerunt.
989 2015 1087 2089 Quod
1103 2015 1294 2079 miraculum
1317 2016 1395 2079 cele·

250 2106 354 2170 briter
379 2105 508 2183 factum,
526 2117 560 2169 et
584 2105 781 2170 sollemniter
796 2104 829 2168 in
852 2104 985 2169 ecclesia
1000 2126 1107 2168 coram
1130 2104 1254 2188 populo
1269 2105 1395 2189 publice

209 2224 211 2227 ·
251 2195 429 2271 recitatum,
455 2193 568 2258 litteris
591 2193 744 2257 mandare
760 2195 960 2267 curavimus;
984 2208 1020 2255 ut
1036 2207 1211 2278 cognoscat
1233 2194 1395 2275 generatio

252 2282 363 2360 altera,
382 2283 469 2369 quod
487 2282 576 2344 Deus
606 2283 760 2344 Sanctum
777 2302 870 2345 suum
886 2280 1002 2344 talibus
1027 2280 1186 2346 illustrare
1202 2303 1268 2345 non
1284 2280 1395 2345 desinit

251 2370 437 2455 insignibus
455 2371 509 2455 qui
526 2380 575 2432 est
590 2367 776 2432 benedictus
792 2369 825 2431 in
840 2367 956 2434 secula.
1006 2371 1125 2436 Anas.

524 2628 622 2694 CAP.
639 2630 844 2696 XLlK-De
858 2635 992 2714 quodam
1006 2635 1133 2701 latrone.

296 2806 461 2889 Tempore
476 2827 541 2889 quo
553 2805 683 2890 praefuit
696 2806 840 2872 ecclesiae
855 2808 897 2871 de
912 2807 1155 2872 Thinemudthd
1168 2810 1263 2874 Prior
1277 2812 1397 2878 Archa·

250 2895 326 2972 rius,
344 2895 393 2956 vir
408 2892 552 2955 honestae
566 2894 649 2971 vitae,
667 2895 771 2958 clarus
787 2919 915 2982 genere,
933 2896 1022 2960 anuis
1038 2910 1183 2962 maturus
1199 2912 1232 2963 et
1244 2903 1395 2979 moribm,

249 2980 468 3044 manifestavit
486 2981 575 3044 Deus
598 2982 729 3068 antiqua
744 2983 898 3049 miracula
913 3008 970 3048 sua
985 2984 1026 3048 ad
1047 2984 1204 3051 honorem
1218 3006 1251 3051 et
1263 2988 1396 3072 gloriam

253 3067 449 3134 Sanctissimi
465 3068 513 3131 sui
531 3069 629 3152 Regis
654 3083 687 3134 et
702 3071 855 3159 Martyris
873 3073 1005 3138 Oswini.
1053 3073 1275 3140 Manifestavit
1291 3091 1396 3143 autem

251 3158 306 3221 sic.
353 3154 495 3232 Quidam
511 3157 670 3222 aurifaber
682 3158 853 3242 ingenuus,
874 3161 1078 3225 Baldewinus
1094 3165 1235 3241 nomine,
1247 3164 1279 3228 in
1296 3171 1397 3256 cujus-

249 3245 329 3314 libet
345 3244 464 3309 metalli
489 3247 620 3310 scientia
641 3248 863 3333 peritissimus,
880 3250 1111 3334 aliquantulam
1127 3274 1250 3316 moram
1265 3254 1342 3318 fecit
1364 3257 1396 3318 in

249 3332 399 3419 praedicti
426 3331 545 3397 Prioris
561 3336 735 3422 obsequi03
760 3349 796 3400 ut
819 3338 956 3414 thecam,
970 3338 1002 3399 iu
1026 3339 1089 3423 qua
1106 3339 1260 3426 Martyris
1286 3342 1396 3408 Sancti

250 3443 366 3505 corpus
397 3422 594 3501 reconditur,
624 3424 718 3489 solito
739 3425 907 3489 decentius
934 3437 1068 3509 argento
1090 3430 1222 3493 vestiret
1247 3443 1280 3494 et
1305 3454 1393 3499 auro.

250 3508 316 3572 Die
329 3531 405 3574 vero
431 3511 541 3575 Sancti
558 3513 690 3590 Oswini,
707 3514 838 3578 eumad
859 3513 974 3577 festum
989 3515 1126 3598 populus
1150 3540 1192 3580 ex
1208 3541 1298 3583 more
1321 3542 1397 3584 con-

249 3610 402 3675 curreret,
430 3599 560 3684 quidam
589 3602 757 3666 Martirem
784 3602 1001 3667 oblationibus
1031 3615 1065 3666 et
1095 3603 1218 3668 devotis
1247 3609 1396 3691 precibus

249 3685 414 3750 humiliter
430 3689 642 3766 excolebant3
666 3690 719 3753 alii
743 3688 855 3754 refecti
870 3691 1059 3754 lautioribus
1076 3693 1187 3776 epulis,
1204 3694 1325 3760 lusibus
1348 3698 1396 3760 in·

250 3774 426 3839 tendebant
439 3788 472 3839 et
482 3777 576 3862 jocis.
624 3777 708 3842 Cum
724 3791 832 3842 autem
846 3777 1049 3843 Baldewinus
1061 3803 1154 3845 voces
1169 3782 1350 3849 ludentium
1366 3798 1399 3850 et

250 3863 406 3928 tumultus
423 3866 573 3944 audisset,
590 3867 631 3930 ad
648 3866 868 3950 spectaculum
882 3864 1070 3930 festinanter
1085 3873 1240 3948 accurrit3
1258 3887 1290 3937 et
1300 3872 1397 3938 ostio·

248 3951 316 4015 lum
333 3974 400 4017 suae
416 3953 547 4018 fabricae
563 3956 668 4017 minus
684 3953 775 4017 caute
786 3953 956 4040 dereliquit
978 3970 1134 4038 apertum.
1182 3960 1248 4024 Fur
1267 3963 1397 4048 quidam

249 4041 377 4105 interim
391 4042 469 4106 dicti
481 4041 635 4106 fabricam
651 4042 793 4118 artificis,
807 4065 881 4127 quae
897 4040 1050 4125 contigua
1065 4058 1133 4110 erat
1149 4049 1293 4113 ecclesiae
1307 4051 1397 4115 Mar·

250 4130 338 4216 tyris,
365 4131 502 4196 latenter
530 4129 626 4202 adiit3
651 4144 684 4191 et
703 4127 874 4213 ingressus,
906 4152 1037 4195 omnem
1065 4135 1277 4202 substantiam
1300 4161 1397 4226 quam

248 4232 380 4304 portare
409 4217 526 4302 potuit,
552 4214 694 4299 collegit,
727 4218 843 4301 rapuit,
869 4218 1016 4305 clamque
1043 4223 1199 4290 discessit.
1249 4226 1292 4292 Et
1322 4229 1398 4316 quia

248 4328 363 4391 pacem
387 4304 553 4388 Martyris,
571 4326 645 4389 quae
667 4303 776 4369 multis
792 4306 834 4370 ad
849 4305 946 4373 vitam
968 4309 1102 4393 profuit,
1120 4336 1201 4378 ausu
1224 4319 1397 4382 temerario

247 4393 389 4474 violavit,
405 4392 599 4479 condignam
622 4395 688 4461 suis
702 4394 824 4462 meritis
839 4395 874 4464 in
896 4395 1002 4486 seipso
1017 4402 1118 4470 sensit
1138 4403 1284 4489 protinus
1298 4405 1397 4474 ultio-
