2888 5018
531 426 640 475 nnors
667 427 884 476 unisonum.
1236 409 1285 475 43

675 509 687 534 .

143 679 249 746 CAP.
266 677 582 757 XXX-Quomodo
593 681 718 762 quidam
729 701 807 757 mm,
824 680 1037 762 ectffciosibi
1049 679 1190 761 irpuncto,
1202 680 1289 742 bocer

234 768 317 848 Ejus
327 786 434 847 capere
444 769 568 844 deberet,
578 771 711 831 cecitate
721 789 881 850 percussas
891 770 950 831 bac
962 770 1090 850 illucque
1098 769 1288 832 multandus

143 882 147 889 ·
233 858 370 918 intereos
383 856 565 925 discurrens,
581 858 667 920 bones
680 877 753 939 quor
767 859 873 938 tetipit,
889 857 990 919 videre
1004 875 1064 919 nort
1074 857 1185 936 potuit.

146 1068 150 1075 ·
190 1027 379 1094 Potentium
405 1028 446 1093 de
467 1027 760 1116 Nordthanymbrid
784 1029 1022 1115 potentissimus
1054 1029 1220 1095 Odinellns
1244 1028 1285 1092 de

147 1116 385 1195 Umlramvilla,
410 1116 452 1180 ad
477 1119 599 1183 castelli
621 1119 669 1182 sui
691 1119 892 1196 resarcienda
913 1134 999 1183 sarta
1024 1131 1111 1182 tecta
1136 1116 1285 1181 indebitis

143 1204 368 1270 exactionibus
383 1205 502 1269 vicinos
517 1228 590 1272 suos
606 1207 838 1293 compellebat3
854 1220 887 1269 et
902 1206 985 1270 inter
999 1220 1133 1270 oaeteros
1148 1205 1286 1268 maxime

144 1293 279 1358 colonos
299 1292 407 1357 Sancti
425 1293 522 1379 Regis
539 1309 571 1359 et
589 1295 741 1381 Martyris
761 1294 892 1360 Oswini.
937 1296 975 1360 In
989 1293 1155 1359 ecclesiam
1167 1292 1285 1378 quippe

144 1381 222 1459 Dei,
236 1380 312 1468 quia
326 1402 493 1466 personam
507 1383 591 1467 gerit
604 1383 744 1468 pupillae,
761 1404 798 1447 ac
813 1383 839 1446 si
854 1393 936 1446 esset
948 1382 1014 1446 sine
1027 1394 1145 1458 tutore,
1159 1381 1287 1444 videtur

144 1469 330 1557 potentibus
357 1469 454 1533 seculi
475 1470 572 1535 licere
593 1470 745 1558 quicquid
767 1469 849 1535 solet
870 1469 981 1535 libere.
1032 1472 1156 1534 Ausum
1178 1482 1287 1532 autem

148 1556 229 1622 tanti
250 1557 377 1622 sceleris
398 1557 531 1622 fovebat
553 1558 748 1643 impunitas3
775 1558 848 1622 hino
875 1557 950 1645 quia
972 1556 1139 1623 Odinellns
1161 1578 1287 1642 praepo·

150 1656 219 1709 teus
234 1656 317 1723 erat,
338 1644 412 1709 inde
431 1648 506 1732 quia
523 1647 621 1711 filiam
640 1647 708 1732 ejus
723 1645 924 1731 matrimonio
939 1644 999 1710 sibi
1013 1645 1217 1731 copulaverat
1231 1643 1286 1731 qui

151 1730 351 1818 magistratus
376 1733 482 1819 regios
507 1734 540 1798 in
564 1733 683 1820 Anglia
705 1737 849 1821 gerebat,
877 1739 965 1823 cujus
992 1732 1182 1799 auctoritate
1210 1732 1287 1797 talia

149 1822 373 1907 praesumebat.
425 1822 489 1896 Qui
513 1823 661 1888 timorem
683 1826 751 1911 ejus
774 1823 940 1902 timebant,
965 1823 1006 1887 ad
1029 1844 1109 1908 opus
1131 1821 1287 1885 indictum

147 1909 400 1985 conveniebant3
415 1910 473 1974 sed
487 1911 592 1975 coloni
611 1913 720 1977 Sancti
737 1908 900 1998 Martyria
918 1912 992 1999 quia
1002 1910 1090 1998 regiis
1100 1911 1288 1974 munificen-

145 1996 192 2062 tia
204 1995 225 2061 a
238 1997 355 2062 talibus
370 1997 482 2062 edictis
497 1999 589 2064 liberi
604 2012 705 2077 eraut,
722 2000 832 2077 venire
842 2000 1023 2064 nullatenus
1035 1997 1286 2062 consentiebant.

148 2085 341 2171 Indignatur
367 2085 553 2150 insolentius
584 2087 763 2153 Odinellns.
811 2086 854 2150 Et
879 2087 979 2151 missis
1005 2085 1100 2170 regiis
1126 2083 1286 2148 nonnullis

145 2173 310 2252 ministris,
330 2186 366 2238 ut
389 2174 498 2239 venire
514 2176 755 2261 compellantur,
772 2176 831 2239 sub
846 2175 1103 2240 interminatione
1118 2173 1287 2259 praeoepit.

148 2262 254 2327 Porro
269 2262 344 2349 quia
358 2262 390 2326 in
409 2263 561 2327 Sanctum
578 2264 756 2351 Martyrem
771 2263 950 2329 redundare
966 2262 1118 2341 creditur,
1135 2262 1286 2349 quicquid

145 2349 272 2436 injuriae
294 2350 391 2415 servis
414 2350 478 2416 suis
500 2353 670 2441 irrogatur,
694 2352 749 2440 qui
764 2352 850 2415 missi
865 2352 968 2438 primo
982 2352 1119 2429 fuerant,
1136 2351 1287 2416 deserunt

150 2439 290 2514 Sanct03
314 2451 358 2517 et,
384 2439 541 2525 suspensis
564 2439 696 2526 injuriis,
721 2440 929 2506 amicabiliter
952 2440 1056 2505 divitis
1080 2440 1221 2504 edictum
1240 2441 1286 2503 eis

147 2538 326 2613 exponunt,
351 2541 383 2591 et
406 2526 447 2592 de
469 2527 559 2592 minis
582 2529 790 2593 interminatis
813 2530 956 2595 modeste
978 2551 1080 2615 pauca
1101 2529 1289 2613 sejungunt.

153 2615 217 2681 Sed
241 2636 302 2679 neo
323 2615 368 2678 sic
390 2615 672 2682 homines-Sancti
694 2617 741 2691 ire
764 2618 984 2704 adquiescunt.
1033 2616 1112 2680 Erat
1130 2630 1239 2680 autem
1254 2615 1287 2677 in

152 2701 337 2787 Colebrigii
358 2703 487 2768 civitate
509 2706 634 2769 satelles
657 2708 774 2789 regius,
796 2704 849 2792 qui
865 2727 924 2769 nec
941 2703 1048 2768 Deum
1065 2703 1208 2780 timebat,
1225 2725 1285 2766 nee

153 2792 307 2857 Sanctum
325 2790 489 2856 Oswinum
504 2795 721 2870 reverebatur,
739 2792 790 2856 eui
805 2805 990 2880 suggestum
1005 2803 1054 2854 est
1069 2791 1110 2853 ab
1123 2789 1285 2865 Odinello,

148 2878 286 2968 qualiter
307 2879 445 2980 dignitas
472 2880 579 2944 Sancti
599 2880 718 2946 Oswini
733 2880 927 2944 redundaret
949 2878 981 2941 in
1000 2890 1221 2961 contemptum
1240 2875 1289 2939 sui

150 2966 304 3045 mandati,
321 2968 468 3033 dreente:
495 2977 516 3009 “
535 2969 655 3034 Omnes
670 2967 765 3031 vicini
780 2967 855 3044 mei,
873 2967 922 3032 vel
938 2988 1045 3030 amore
1061 2965 1165 3043 tracti,
1182 2965 1234 3028 vel
1249 2963 1290 3027 ti-

149 3078 239 3121 more
251 3056 364 3134 coacti,
377 3056 508 3120 veniunt
520 3057 560 3121 ad
576 3055 695 3121 castelli
710 3057 774 3119 mei
789 3055 1080 3133 reaedificationem,
1096 3067 1215 3140 praeter
1229 3053 1288 3116 ho·

130 3205 135 3217 ,
149 3145 250 3209 mines
259 3144 487 3208 monachorum
495 3145 537 3209 de
547 3143 847 3232 Tynemudthb,qui
858 3143 985 3208 latitant
994 3143 1044 3207 hio
1057 3144 1116 3207 sub
1127 3141 1287 3216 alismeis;

150 3232 265 3321 quibus
290 3233 376 3322 [aiil]
399 3232 538 3318 injecero
557 3255 678 3312 manus,
695 3246 834 3311 nonest,
852 3232 906 3320 qui
922 3232 1046 3317 eripiat.
1094 3232 1143 3295 Ea
1157 3243 1288 3317 propter

151 3321 265 3407 adjuro
287 3334 331 3399 te,
355 3343 412 3405 per
434 3321 532 3386 fidem
554 3344 651 3409 quam
668 3320 735 3406 regi
751 3321 858 3399 debes,
875 3320 1023 3408 quatinus
1038 3319 1178 3384 violenta
1191 3342 1287 3383 manu

151 3409 364 3494 possessiones
377 3409 566 3473 rusticorum
577 3410 618 3474 de
629 3409 743 3473 Wilum
759 3409 898 3487 invadas,
912 3410 991 3472 etin
1006 3409 1170 3472 castellum
1181 3431 1289 3472 meum

151 3496 313 3562 inducas.'’
332 3496 397 3571 Qui
413 3497 519 3561 statim
534 3497 702 3582 assumptis
717 3520 825 3562 secum
844 3496 983 3561 Ricardo
999 3509 1032 3560 et
1045 3495 1216 3575 Nicholao,
1233 3495 1288 3584 qui

150 3598 185 3650 et
207 3584 266 3671 ipsi
288 3584 422 3649 ministri
445 3597 537 3650 erant
559 3585 653 3670 regis,
677 3586 734 3649 sed
758 3585 908 3663 timorati,
932 3584 965 3647 in
983 3584 1094 3670 spiritu
1109 3585 1225 3650 furoris
1240 3583 1289 3648 sui

154 3674 243 3738 venit
261 3673 388 3751 Wilum,
408 3672 515 3736 villam
535 3673 643 3737 Sancti
662 3672 782 3738 Oswini
797 3673 882 3737 haud
898 3673 992 3757 longe
1007 3673 1180 3738 distantem
1194 3673 1213 3738 a
1227 3673 1290 3736 situ

153 3761 286 3826 castelli.
328 3760 401 3825 Vim
414 3774 522 3824 autem
533 3760 612 3850 legis
624 3760 747 3845 optinet
759 3763 792 3825 in
803 3761 919 3845 Anglit
930 3763 1129 3827 consuetudo
1144 3763 1292 3847 lougaeva

153 3848 349 3935 hujusmodi,
370 3861 407 3912 ut
422 3848 503 3935 siqui
530 3851 562 3913 in
581 3849 735 3914 solvendo
751 3850 802 3914 vel
816 3849 847 3912 in
865 3850 1027 3935 operando
1042 3851 1130 3938 quod
1145 3851 1189 3915 eis
1203 3849 1291 3938 justis

155 3935 339 4023 impositum
362 3936 458 4001 fuerit
480 3937 683 4016 cessaverint,
704 3937 808 4023 primo
820 3960 878 4023 per
893 3938 1058 4002 mobilium
1073 3961 1203 4003 suorum
1217 3959 1292 4021 cap·

153 4023 273 4090 tionem
297 4038 454 4113 cogantur
476 4026 517 4089 ad
536 4027 756 4114 exequendum
772 4026 976 4111 impositum
992 4028 1144 4104 secundo,
1159 4048 1218 4111 per
1232 4024 1292 4087 im-

154 4114 342 4189 mobilium3
365 4112 473 4191 tertio,
497 4136 556 4198 per
577 4137 745 4201 corporum
764 4137 894 4179 suorum
909 4115 1201 4181 incarcerationem.
1246 4113 1291 4177 Et

155 4201 378 4267 nichilominus
401 4201 599 4266 consuetudo
621 4225 686 4267 non
709 4202 863 4268 inferioris
886 4202 1013 4288 vigoris,
1037 4217 1073 4266 ut
1096 4201 1122 4265 si
1144 4199 1291 4265 dominus

154 4289 327 4355 cessaverit
345 4290 387 4353 ab
402 4288 561 4373 imposito,
578 4291 664 4376 prius
679 4291 721 4356 ad
737 4290 850 4356 servile
865 4292 1034 4378 peculium,
1058 4310 1153 4376 quam
1168 4289 1210 4352 ad
1224 4288 1292 4353 dic-

154 4389 222 4442 tam
251 4377 487 4462 possessionem
515 4377 738 4455 invadendum,
770 4391 902 4444 exactor
931 4391 1084 4443 recurrat.
1145 4376 1295 4441 Minister

153 4476 262 4531 autem
270 4464 336 4544 ille,
347 4464 388 4529 de
398 4464 487 4548 cujus
498 4466 664 4551 tyrannide
681 4465 846 4533 Odinellns
859 4467 1082 4551 praesumebat,
1092 4487 1158 4528 non
1168 4464 1292 4550 legibus
