2888 5018
473 426 583 478 uncis
609 426 826 479 naraonuu.
1164 419 1213 487 35

72 592 181 659 nudus
197 603 277 670 erat,
294 601 328 656 et
342 591 467 676 frigoris
482 590 635 675 asperitas
657 592 745 658 abire
765 592 887 657 nudum
902 615 966 657 non
975 595 1129 679 permisit,
1147 620 1211 664 non

70 704 166 746 amor
186 679 306 766 rapinae
328 679 385 744 sed
406 678 578 744 necessitas
600 678 745 745 instantis
759 679 856 766 fugae,
873 704 945 781 quae
960 682 978 747 a
994 683 1081 747 nudo
1092 689 1211 773 exequi

69 791 138 834 non
160 771 278 854 potnit,
302 767 471 832 dormienti
494 790 595 852 puero
618 768 777 833 cucullum
798 781 959 833 nauticam
981 769 1118 856 eripuit:
1145 775 1209 861 qud

71 857 275 922 Leouuricus
298 854 427 919 indutus
449 855 512 919 iter
534 855 666 940 arripuit
680 855 835 940 ignotum,
860 871 894 921 et
908 856 1003 923 rediit
1018 859 1150 925 celerius
1166 862 1208 927 ad

68 946 177 1011 natale
191 944 314 1011 solum:
337 957 372 1009 et
385 943 459 1008 Deo
473 956 507 1008 et
527 943 646 1007 Sancto
668 943 804 1031 Martyri
823 944 952 1010 Oswino
966 947 1092 1031 procuri
1112 947 1208 1014 liber·

68 1034 180 1099 atione
210 1032 367 1116 stupenda
391 1031 595 1096 multimodas
620 1030 737 1114 gratias
763 1032 839 1118 egit,
869 1045 901 1098 et
926 1056 984 1118 per
1007 1046 1108 1099 totam
1133 1059 1208 1123 pro-

68 1120 207 1187 vinciam
222 1121 354 1187 verbum
366 1132 430 1185 tam
441 1119 662 1184 admirandum
674 1118 769 1184 celeri
783 1120 938 1187 relatione
953 1121 987 1185 in
1000 1122 1090 1188 brevi
1104 1123 1206 1190 divul-

68 1221 184 1294 gatum
200 1220 259 1272 est.

66 1473 168 1539 cAP.
185 1472 452 1552 XX.-Qccliter
463 1474 589 1556 quidum
603 1473 647 1535 ad
653 1473 806 1555 ,aratrum
820 1474 886 1554 qus
898 1474 1085 1556 portandum
1103 1468 1205 1558 indip-

459 1582 518 1624 rtue
530 1581 593 1623 esse
603 1562 814 1642 perpenditur.
1035 1593 1040 1599 -

116 1734 259 1821 Contigit
273 1734 444 1821 aliquando
455 1733 758 1821 Northanymbriam
772 1733 906 1799 siccitati
920 1736 1045 1836 gravari
1060 1738 1201 1818 diutiori‚

69 1836 103 1889 et
116 1822 196 1889 illud
213 1823 434 1908 propheticum
452 1822 602 1908 gentibus
624 1821 683 1886 illis
706 1822 807 1887 videri
825 1822 960 1901 minar13
986 1834 1008 1866 “
1019 1825 1203 1892 Seministis

66 1910 211 1989 multum,
228 1924 262 1977 et
275 1910 423 1975 intulistis
438 1913 580 1996 parum.’'
627 1911 739 1997 ltaque
753 1910 944 1977 conveniunt
958 1911 991 1976 in
1005 1935 1105 1976 unum
1116 1937 1204 1979 com-

64 1999 285 2086 provinciales,
305 2011 339 2064 et
361 1999 402 2065 ad
417 2012 570 2063 consueta
590 1998 711 2083 praedia
736 1997 828 2062 Beati
853 1999 953 2084 Regis
983 2017 1017 2064 et
1047 1999 1201 2088 Martyris

67 2087 189 2155 Oswirri
198 2086 403 2172 confugiunt;
422 2098 570 2171 rogantes
579 2086 692 2150 fratres
704 2085 778 2164 loci,
790 2098 828 2149 ut
842 2085 876 2149 in
891 2101 990 2151 tantae
1005 2087 1201 2154 necessitatis

63 2175 201 2241 articulo
224 2174 422 2259 subveniant,
439 2189 473 2238 et
494 2196 609 2258 corpus
628 2172 736 2237 Sancti
753 2173 905 2260 Martyris
920 2175 962 2239 ad
976 2176 1201 2260 postulandam

62 2264 205 2349 pluviam
220 2263 369 2328 evehant.
415 2263 561 2327 Instante
575 2263 684 2348 itaque
701 2261 879 2326 Dominicae
902 2263 1104 2329 Ascensionis
1119 2267 1201 2331 cele-

62 2352 193 2430 britate,
210 2374 254 2415 ax
268 2351 417 2415 condicto
436 2351 544 2415 Sancti
561 2349 713 2438 Martyris
729 2373 843 2435 corpus
862 2352 896 2415 in
910 2351 1111 2436 processione
1126 2377 1201 2439 por·

61 2453 149 2517 taut3
166 2439 251 2504 etad
263 2453 328 2504 tum
340 2441 429 2524 pium
438 2461 517 2502 onus
529 2438 747 2504 sustinendum
759 2440 871 2517 turbae,
890 2462 962 2526 quae
974 2456 1198 2522 convenerant,

60 2528 194 2594 alterius
209 2527 331 2591 vicibus
347 2550 380 2591 se
395 2527 567 2602 inclinant;
591 2549 656 2590 non
669 2540 706 2590 ut
720 2526 796 2592 fessi
809 2527 919 2614 requie
934 2542 1127 2609 recreentur,
1142 2532 1200 2596 sed

61 2629 100 2681 ut
114 2616 225 2681 devoti
239 2614 272 2679 in
288 2615 434 2679 vehendo
452 2615 606 2679 Sanctum
627 2613 815 2698 glorientur.
859 2616 1008 2680 Accurrit
1022 2617 1105 2680 inter
1119 2618 1199 2684 alios

56 2703 221 2792 quispiam
235 2703 441 2781 facinorosus,
465 2715 499 2767 et
514 2727 548 2768 se
563 2715 672 2768 sancto
687 2702 777 2766 oneri
791 2702 950 2786 supponit.
1010 2703 1196 2788 Indignatus

65 2794 204 2857 Sanctus
220 2804 310 2855 tanto
325 2815 359 2856 se
375 2791 516 2876 pondere
531 2790 602 2854 fixit
618 2803 653 2853 ut
669 2791 710 2854 (le
725 2789 796 2853 loco
812 2789 843 2851 in
859 2812 922 2875 quo
938 2813 971 2855 se
991 2791 1110 2855 Sancto
1125 2813 1198 2876 sup-

60 2882 170 2966 posuit
185 2879 391 2956 facinorosus,
404 2878 535 2943 ulterius
546 2878 696 2962 progredi
711 2876 848 2940 ferentes
864 2876 1042 2942 nullatenus
1058 2891 1197 2963 possent.

62 2966 208 3056 Alicujus
224 2969 331 3054 itaque
346 2967 495 3043 sollertia,
510 2965 708 3050 deprehensa
730 2980 778 3028 est
793 2964 911 3028 insoliti
926 2965 1075 3050 ponderis
1089 2989 1194 3046 causa,

60 3069 96 3121 et
107 3069 216 3121 amoto
231 3055 420 3132 facinoroso,
439 3054 566 3139 Martyr
581 3076 615 3117 se
627 3052 768 3137 permisit
782 3052 900 3116 deferri
915 3052 1067 3119 facilitate
1081 3055 1195 3133 solitd3

60 3157 96 3208 et
110 3143 273 3230 proemisso
291 3143 413 3228 judicio
430 3141 643 3206 misericordia
658 3153 706 3205 est
727 3141 888 3226 adjuncta,
905 3141 1008 3229 rigati
1023 3142 1108 3206 omni
1123 3166 1195 3228 pro-

61 3232 164 3297 vincia
178 3255 220 3297 ex
234 3231 352 3317 pluviae
367 3232 557 3296 desideratae
572 3229 757 3294 inundantia
772 3228 862 3293 uberi
878 3229 1029 3294 insecuti.

60 3496 162 3562 cAP.
190 3497 488 3575 XXI.-Quomodo
520 3497 645 3577 quidum
681 3497 844 3558 motatur
873 3493 895 3557 ἁ
923 3496 1024 3558 dolore
1052 3498 1194 3576 domium,

141 3590 265 3667 pariter
286 3594 315 3650 et
335 3594 449 3649 tumore
466 3584 623 3665 faucium,
647 3592 716 3646 ante
737 3583 926 3663 sepulchrum
947 3584 1013 3664 ejus
1040 3605 1136 3649 sanus
1157 3592 1199 3651 sit

146 3674 279 3757 nataae.

108 3847 148 3911 In
165 3846 358 3912 monasterio
377 3869 463 3931 saepe
482 3844 558 3909 dicti
581 3843 776 3910 Sanctissimi
799 3843 894 3929 Regis
914 3858 945 3910 et
962 3845 1115 3935 Martyris
1134 3849 1194 3913 Os-

60 3933 148 4011 wini,
167 3934 265 4001 irater
283 3936 413 4022 quidam
430 3933 557 3998 nomine
581 3935 721 4019 Symeon
739 3932 780 3996 de
797 3932 1030 4017 ‚Huntenduniq
1051 3935 1193 3999 dentium

59 4022 172 4089 dolore
193 4023 313 4109 pariter
332 4036 366 4087 et
387 4022 546 4086 horrendo
568 4020 707 4085 faucium
729 4035 854 4085 tumore
876 4044 1103 4108 nonnunquam
1128 4037 1194 4087 tor-

57 4111 218 4199 quebatur
237 4110 362 4187 acrids3
385 4124 418 4175 et
439 4109 508 4174 dies
524 4110 654 4195 jejunos
677 4121 710 4172 et
732 4122 841 4173 noctes
864 4110 1023 4174 insomnes
1043 4109 1191 4189 ducebat,

58 4222 128 4284 proe
150 4199 297 4285 augustii
320 4198 458 4273 doloris3
493 4198 547 4286 qui
569 4219 712 4271 crescens
736 4196 848 4276 indies,
872 4220 937 4262 non
959 4197 1055 4262 dabat
1076 4197 1192 4262 misero

57 4287 149 4353 fratri
164 4289 216 4354 vel
230 4299 483 4352 momentaneam
499 4287 652 4373 requiem.
701 4284 789 4360 Quid
802 4299 913 4371 ageret
929 4284 980 4349 vel
994 4307 1058 4371 quo
1073 4307 1106 4347 se
1124 4297 1192 4348 ver-

57 4389 142 4441 teret
164 4376 337 4453 nesciebat,
353 4397 425 4439 euru
449 4373 588 4439 omnium
612 4373 854 4439 medicaminum
870 4372 1088 4458 experimenta
1102 4372 1191 4438 dolo·

57 4486 127 4530 rem
152 4464 254 4531 lenire
279 4463 330 4529 vel
352 4462 395 4529 ad
420 4462 529 4528 horam
553 4462 708 4552 nequiret.
756 4459 902 4526 Tandem
922 4460 963 4525 ad
997 4460 1121 4545 patroni
1144 4462 1191 4526 sui
