2888 5018
540 415 650 468 naurs
677 418 899 485 nnraonunr,
1238 403 1286 470 45

142 579 430 658 abstinuitdonec
441 595 601 666 respectus
611 581 718 645 divina
728 582 830 666 gratia
840 581 985 667 resipuit3
998 593 1032 647 et
1042 580 1212 648 veniensT
1234 604 1288 647 ne-

144 669 319 733 rnudtham
346 668 463 733 Sancto
485 670 715 749 reconciliatus,
739 693 847 734 servus
870 670 938 755 ejus
960 671 1091 736 effectus
1106 684 1166 736 est.
1248 688 1287 734 oc

144 756 340 822 miraculum
364 754 472 842 accepi
494 754 513 820 d
534 758 698 823 monachis
721 758 793 836 loci,
818 758 872 845 qui
895 758 1082 844 incorpore
1105 757 1287 823 monasterii

144 844 294 922 suerunt,
311 844 438 931 qnando
453 845 566 909 crebro
580 869 726 910 sermone
742 869 806 910 non
818 858 942 910 tantum
957 848 1041 932 apud
1053 871 1119 925 eos,
1133 847 1188 911 sed
1201 846 1287 932 apud

144 932 257 997 vicina
279 931 490 1010 monasteriae,
508 934 658 1020 compita,
675 935 806 999 castella
821 946 853 998 et
869 935 963 999 urbes
980 934 1118 1001 insonuit
1140 936 1202 999 hoc
1217 956 1288 999 ver-

144 1022 230 1087 bum
245 1033 280 1085 et
294 1020 420 1085 celebre
435 1020 579 1086 habitum
594 1035 654 1087 est.

147 1284 256 1351 CAP.
279 1283 508 1348 XXXI.—De
522 1287 653 1368 quodam
669 1289 839 1368 paverim,
855 1289 911 1369 qui
931 1288 1018 1367 apud
1037 1286 1158 1349 Nouum
1175 1287 1288 1350 Castel-

134 1438 139 1444 ,
239 1373 303 1436 trem
324 1373 506 1454 aeqrotobot3
529 1375 674 1454 quomodo
695 1377 728 1436 ia
749 1377 872 1449 somnis,
888 1382 1085 1437 commonente
1098 1392 1163 1436 eum
1179 1374 1289 1436 Sancto

239 1458 382 1541 Aydano,
398 1461 444 1523 ad
468 1460 706 1541 Tynemudtltam
724 1463 880 1544 prrffectm
900 1469 953 1537 est,
968 1470 999 1523 et
1017 1463 1050 1523 in
1071 1461 1195 1524 cocleari
1212 1460 1287 1541 ejua

239 1548 496 1629 moterseretrum
511 1550 619 1629 ipsius,
636 1545 854 1630 dqruoicsimo
867 1549 969 1613 dolore
982 1551 1204 1612 interaneorum
1218 1567 1287 1611 cort·

241 1637 496 1700 malueram.

204 1807 260 1872 Vir
281 1808 437 1897 quispiam
463 1809 503 1873 de
526 1832 610 1896 pago
634 1809 832 1875 Norwicensi
854 1810 1017 1890 oriundus,
1042 1811 1136 1875 tertia
1159 1809 1289 1874 tandem

152 1895 224 1961 vice
246 1919 320 1961 oum
341 1899 382 1961 ab
406 1897 598 1962 lerosolimis
622 1898 654 1962 in
678 1899 827 1983 Angliam
850 1898 979 1977 rediret,
1002 1921 1043 1964 ex
1065 1899 1181 1962 insueti
1204 1896 1287 1962 forte

150 1984 215 2049 cibi
237 1985 423 2064 refectione,
441 1986 615 2050 tortionum
637 1986 884 2050 intolerabilium
906 1988 1018 2051 morbo
1034 1998 1177 2049 ventrem
1200 1985 1290 2049 dole-

150 2074 231 2150 bat3
254 2095 319 2137 non
334 2073 419 2137 horis
435 2074 603 2152 continuis,
621 2073 678 2139 sed
693 2087 873 2158 temporum
890 2072 1196 2158 interpolationibus,
1245 2072 1288 2135 Et

150 2160 283 2248 qnando
297 2174 370 2248 post
385 2175 531 2246 septenos
547 2162 598 2226 vel
616 2161 791 2249 quindenos
806 2161 874 2225 dies
893 2161 973 2225 hora
990 2160 1136 2225 tortionis
1152 2162 1289 2224 advene·

149 2266 216 2328 rat,
229 2249 417 2314 clamoribus
429 2249 531 2312 anxiis
546 2272 611 2313 non
626 2251 728 2314 solnm
740 2249 868 2313 domum
884 2249 917 2313 in
932 2251 995 2337 qud
1009 2250 1169 2327 manebat,
1183 2248 1240 2314 sed
1255 2262 1289 2313 et

150 2336 288 2402 vicinam
309 2337 465 2423 replebat.
512 2337 579 2402 Hic
602 2337 643 2402 ad
670 2338 822 2402 Sanctum
838 2338 1012 2416 Andream,
1030 2337 1084 2425 qui
1107 2338 1139 2401 in
1158 2336 1288 2402 scothia

150 2439 334 2504 veneratur,
351 2425 412 2490 iter
423 2425 584 2510 arripiens,
601 2427 643 2491 ad
661 2425 790 2491 Novum
804 2426 978 2492 Castellum
991 2427 1182 2515 quodsuper
1193 2427 1287 2513 Tync

150 2512 285 2578 fluvium
298 2513 394 2577 situm
409 2527 458 2578 est
473 2515 639 2599 pervenit3
663 2527 697 2578 et
712 2514 744 2577 in
759 2515 923 2602 cujusdam
939 2516 1035 2579 domo
1050 2515 1215 2600 municipis
1230 2538 1289 2580 no·

150 2601 238 2666 mine
255 2601 408 2680 Danielis,
424 2602 604 2688 hospitandi
619 2604 722 2688 gratia
736 2602 876 2669 divertit.
924 2603 1009 2668 Huic
1025 2615 1093 2667 erat
1107 2625 1191 2667 uxor
1205 2602 1289 2666 circa

150 2689 300 2777 frequens
323 2690 485 2775 hospitum
499 2690 707 2755 ministerium
729 2690 770 2754 ad
791 2691 923 2754 modum
937 2689 1055 2754 devota
1069 2689 1197 2767 semina,
1215 2712 1288 2776 quae

151 2777 360 2842 diversorium
381 2779 542 2865 quoddam
565 2778 777 2842 aedificaverat
799 2800 951 2853 seorsum,
976 2777 1017 2840 ad
1040 2776 1200 2860 hospitum
1223 2799 1290 2839 sus-

152 2865 334 2952 ceptionem
348 2866 550 2930 conveniens.
595 2866 635 2930 In
650 2887 716 2952 qno
730 2877 874 2929 taxatum
890 2863 992 2927 virum
1007 2862 1238 2940 introduxerat,
1255 2877 1289 2927 et

152 2954 298 3019 manibus
315 2953 449 3040 propriis
464 2953 695 3018 exhibitionem
710 2952 741 3016 ei
756 2951 1042 3016 administraverat.
1089 2949 1196 3015 Nocte
1211 2973 1288 3016 vero

153 3045 353 3130 insequente,
370 3042 450 3106 hora
465 3041 637 3106 tortionum
660 3040 831 3106 adveniens
854 3039 1002 3105 miserum
1017 3039 1182 3104 hominem
1195 3039 1289 3104 solito

154 3133 280 3216 gravius
296 3131 445 3215 angebat,
461 3143 495 3196 et
517 3153 584 3215 prae
601 3129 746 3218 angustia
764 3128 889 3215 spiritits
905 3129 1035 3193 clamori
1050 3128 1204 3193 acerrimo
1218 3129 1289 3192 nul·

153 3218 330 3284 iamdabat
352 3218 505 3305 requiem.
553 3218 648 3283 Uxor
670 3220 778 3306 itaque
795 3217 948 3296 DanieliS,
966 3218 1054 3302 cnjus
1078 3229 1147 3281 erat
1163 3216 1287 3295 domus,

154 3307 198 3373 ad
220 3320 429 3392 aegrotantem
453 3306 592 3385 veniens,
616 3307 819 3393 benignoque
842 3328 917 3370 eum
943 3305 1108 3368 consolans
1135 3304 1286 3392 alloquio,

155 3396 285 3460 tandem
300 3395 410 3481 pannis
426 3396 573 3480 operuit3
596 3408 629 3459 et
648 3409 720 3481 post
735 3394 871 3461 diutinas
888 3392 1058 3472 molestias,
1075 3392 1127 3456 ille
1143 3393 1289 3477 mitigato

154 3484 267 3550 dolore
281 3483 420 3548 dormire
436 3483 543 3568 coepit.
592 3483 635 3546 Et
657 3505 731 3547 ecce
752 3482 785 3546 in
801 3482 866 3545 visu
884 3480 982 3546 astitit
1006 3481 1036 3545 ei
1051 3480 1098 3544 vir
1114 3481 1217 3546 vultits
1239 3504 1290 3546 re·

154 3571 296 3651 verendi,
314 3572 421 3636 dicens
436 3570 487 3635 ei:
514 3579 536 3611 “
552 3570 608 3633 Vis
624 3571 845 3635 convalescere
868 3568 909 3633 de
930 3569 994 3655 qua
1014 3569 1139 3634 laboras
1162 3570 1291 3656 aegritu·

155 3660 230 3726 dine
242 3662 278 3726 ?''
325 3669 347 3702 “
363 3659 478 3738 Volo,''
495 3657 607 3744 inquit,
626 3669 648 3699 ‘⁴
661 3658 801 3735 domine,
820 3671 853 3722 et
868 3656 1017 3722 ardenter
1032 3657 1208 3723 desidero.’'
1243 3661 1289 3724 At

153 3748 220 3814 ille.
253 3758 274 3790 “
284 3749 421 3833 Surgens
435 3769 541 3824 mane,
555 3768 691 3833 propera
705 3746 746 3810 ad
760 3747 911 3811 Sanctum
928 3744 1052 3833 Regem
1065 3759 1097 3810 et
1110 3746 1288 3832 Martyrem

159 3836 333 3915 Oswinnm,
352 3848 386 3900 ut
402 3835 496 3900 tertii
510 3834 590 3899 feriit
603 3833 749 3920 proxima
766 3835 834 3919 ejus
850 3832 999 3898 merearis
1014 3834 1290 3899 interesselnven-

155 3924 246 4003 tioni,
263 3937 295 3988 et
318 3925 384 4009 ejus
408 3923 528 3988 meritis
555 3921 632 3987 inibi
656 3935 776 4008 optatae
799 3921 973 3986 restitueris
996 3922 1153 3987 sanitati.''
1203 3921 1289 3984 Tum

155 4036 253 4099 aeger.
303 4013 419 4087 “Quis
446 4035 491 4091 es,
519 4011 658 4089 domine,
690 4010 746 4098 qni
775 4023 840 4074 tam
869 4011 954 4075 bona
983 4009 1059 4074 mihi
1086 4008 1242 4095 promittis
1253 4009 1288 4072 ?'’

156 4100 285 4176 “Quid
307 4101 349 4165 ad
372 4101 435 4179 te,''
458 4099 572 4187 inquit,
594 4099 668 4164 “de
683 4100 763 4163 me?
786 4098 843 4163 sed
866 4099 947 4164 vade
970 4113 1002 4164 et
1026 4098 1121 4162 crede
1144 4110 1177 4161 et
1200 4118 1290 4160 sana-

155 4189 271 4254 beris.”
317 4199 340 4230 “
356 4190 476 4255 Osecro
499 4186 638 4266 domine,
662 4210 702 4252 ne
725 4186 898 4266 irascaris,’'
921 4186 1033 4274 inquit,
1061 4184 1151 4248 “sed
1172 4206 1290 4247 nornen

157 4291 248 4341 tuum
264 4276 397 4355 insinua,
414 4288 449 4340 ut
468 4276 603 4341 nominis
619 4276 665 4341 tui
681 4275 870 4341 auctoritate
886 4276 926 4339 de
940 4272 1085 4361 promissi
1101 4294 1290 4356 praesumam

156 4365 348 4430 soliditate.”
401 4364 494 4428 Tunc
518 4364 658 4443 tandem,
685 4364 794 4453 “Ego
824 4364 924 4440 sum,''
955 4360 1067 4448 inquit,
1101 4368 1122 4400 “
1138 4360 1289 4448 Aydanus

154 4453 316 4542 quondam
334 4451 441 4518 Sancti
453 4451 564 4538 'Regis
580 4470 613 4518 et
637 4452 790 4539 Martyris
810 4450 928 4517 Oswini
950 4447 1107 4534 pontifex,
1125 4462 1158 4513 et
1174 4450 1240 4535 ejus
1256 4449 1288 4514 in
