2888 5018
144 323 193 392 34
594 338 685 387 viru
714 337 851 387 oswini

147 524 272 567 summo
296 521 388 565 mane
412 501 649 585 supervenienS,
674 501 726 566 die
748 499 887 588 quadam
910 499 1017 564 villam
1039 501 1143 586 ipsam
1166 503 1288 567 armati

147 612 242 654 manu
259 586 427 673 confregit,
452 600 486 652 et
507 589 626 673 rapinis
641 590 790 654 vastavit.
838 588 926 655 Inter
941 600 1077 653 caeteros
1091 590 1193 674 igitur
1204 594 1288 676 capi-

148 695 202 742 tur
219 677 429 753 Leouuricus,
446 689 480 740 et
491 675 671 741 Maltonam
685 678 719 742 in
734 676 866 742 vinculis
882 676 1058 760 ducitur'in
1072 677 1183 762 vigilia
1197 701 1289 763 apos·

150 765 290 832 telorum
316 764 464 850 Symonis
485 776 519 829 et
542 763 647 829 Judae.
696 764 918 830 Recumbente
942 787 1019 829 vero
1047 764 1116 843 illo,
1140 767 1289 852 quicum

150 866 301 939 coeperat,
314 874 388 916 cum
400 853 465 916 suis
476 853 509 916 in
521 852 590 937 ipsd
600 851 719 943 vigilia,
736 864 770 917 et
785 853 949 917 reficiente
965 876 999 917 se
1012 863 1044 917 et
1060 874 1136 918 suos
1148 854 1290 919 carnium

149 941 270 1020 edulio,
286 941 492 1005 Leouwricus
508 959 542 1005 et
557 939 645 1019 socii,
682 942 714 1005 ui
729 963 802 1005 cum
818 964 858 1005 eo
873 942 1066 1005 tenebantur
1080 941 1212 1026 captivi,
1224 965 1292 1006 car·

150 1031 240 1094 nium
262 1051 350 1092 escas
373 1028 617 1093 execrabantur.
659 963 854 1113 indignatus
877 1029 986 1115 itaque
1009 1041 1174 1114 tyrannus,
1195 1029 1292 1114 jussit

151 1118 198 1183 eis
213 1118 317 1202 pisces
332 1117 461 1201 apponi,
477 1128 511 1181 et
526 1115 609 1180 dixit
624 1117 671 1180 eis
684 1139 693 1192 ;
717 1125 739 1157 “
752 1115 849 1181 Edite
864 1138 947 1181 nunc
959 1128 993 1181 et
1005 1119 1204 1197 saturemini,
1220 1120 1293 1205 quia

151 1206 267 1270 caelum
294 1216 396 1269 testor
419 1216 452 1267 et
478 1204 549 1268 oaeli
575 1205 715 1281 numina,
740 1226 797 1269 vos
818 1203 916 1268 nichil
935 1202 954 1266 ὲ
975 1204 1073 1268 modo
1095 1219 1290 1289 gustaturos,

151 1294 255 1358 donec
282 1293 323 1356 de
350 1291 473 1356 summa
495 1291 723 1377 redemptionis
750 1305 866 1357 vestrae
893 1293 1074 1356 constiterit
1097 1293 1186 1379 apud
1211 1294 1292 1359 me.”

154 1380 309 1447 Refectos
324 1392 433 1444 autem
455 1380 664 1445 incontinenti
679 1382 832 1466 praecepit
847 1379 990 1444 vestibus
1006 1381 1071 1444 suis
1087 1382 1175 1459 exui,
1188 1393 1224 1445 et
1238 1404 1296 1446 nu·

152 1470 212 1533 dos
236 1468 330 1554 cippo
352 1466 463 1532 durius
486 1469 629 1553 astringi.
678 1466 857 1554 Occupanti
872 1466 950 1531 veri>
967 1481 1072 1532 vestes
1084 1490 1199 1533 eorum
1220 1492 1296 1533 con-

153 1557 325 1621 ceduntur.
371 1556 422 1619 Ibi
452 1568 554 1619 totam
584 1555 797 1621 ebdomadam
821 1556 937 1642 jejunii
962 1557 1107 1640 exigunt.
1168 1557 1296 1623 Dehinc

152 1656 314 1710 tormenta
343 1646 510 1708 tormentis
540 1643 730 1708 desaeviunt.
801 1643 931 1708 innexis
960 1643 1089 1708 funibus
1119 1645 1154 1708 in
1183 1667 1296 1710 manns

153 1755 276 1811 eorum,
294 1730 335 1797 ad
350 1732 473 1796 trabem
490 1731 737 1816 suspenduntur,
750 1730 826 1795 inde
836 1731 975 1817 depositi
984 1731 1118 1821 flagellis
1132 1734 1296 1797 acerrimis

154 1820 323 1897 ceduntur,
341 1832 374 1884 et
397 1819 439 1884 ad
461 1819 608 1882 ultimum
631 1820 725 1904 cippo
747 1820 864 1884 iterum
886 1821 1162 1907 constringuntur.
1213 1821 1296 1885 Inter

155 1909 226 1974 haec
255 1908 454 1972 Leouuricus
484 1928 549 1970 non
579 1921 681 1971 cessat
710 1905 929 1983 inclamitare3
968 1916 990 1949 “
1007 1907 1123 1972 Sancte
1153 1906 1296 1987 Oswine,

156 1997 274 2082 adjuva
287 1997 369 2059 me.”
398 1996 558 2059 Tirannus
573 1995 614 2060 ad
629 1994 736 2059 focum
751 1994 940 2060 calefaciens
955 2018 1000 2073 se,
1018 2007 1051 2059 et
1065 1994 1150 2060 sorte
1165 1995 1300 2061 audiens

154 2084 377 2152 Leouuricum
391 2083 542 2147 Sanctum
556 2081 720 2147 Oswinnm
735 2084 931 2148 incessanter
946 2082 1186 2162 vociferantem,
1203 2085 1300 2149 affec·

107 2227 109 2230 .
158 2185 211 2237 tus
235 2171 345 2251 taedio,
365 2170 514 2235 baculum
540 2193 637 2257 quem
660 2194 755 2235 manu
780 2173 920 2250 tenebat,
940 2172 1021 2256 jecit
1046 2172 1080 2235 in
1105 2195 1201 2249 eum3
1225 2171 1301 2239 etti

158 2260 298 2325 clamore
314 2280 518 2343 compescens
533 2258 718 2345 increpavit,
735 2259 855 2338 dicens,
874 2259 1001 2332 “Quid
1019 2271 1081 2337 est,
1098 2260 1204 2337 miser,
1221 2260 1301 2346 quid

158 2362 211 2414 est
234 2347 321 2436 quod
336 2347 464 2422 clamas,
482 2358 514 2409 et
541 2368 634 2411 aures
655 2361 780 2412 nostras
803 2348 911 2413 nescio
926 2349 1016 2434 cujus
1035 2347 1157 2412 Oswini
1171 2348 1301 2412 invoca-

161 2438 250 2501 tione
266 2435 405 2500 oneras?
454 2431 536 2506 Quis
548 2447 598 2498 est
612 2435 673 2498 iste
693 2434 852 2515 Oswinus,
869 2435 958 2521 cujus
974 2449 1007 2499 te
1023 2458 1084 2520 ope
1107 2435 1212 2500 credis
1231 2438 1299 2503 sine

161 2525 307 2611 pecuniae
322 2524 504 2586 interventu
519 2544 612 2606 posse
628 2521 785 2588 liberari?
847 2525 1024 2609 Compesce
1040 2523 1216 2608 linguam-i
1238 2524 1301 2589 cla·

162 2636 252 2682 more
275 2610 415 2697 garrulo,
441 2631 500 2673 neo
523 2632 582 2674 nos
605 2610 848 2696 importunitate
873 2611 929 2677 tud
950 2610 1011 2676 hac
1026 2624 1121 2675 nocte
1136 2612 1263 2676 excites
1283 2611 1303 2678 ὲ

161 2701 306 2769 somno.”
322 2696 427 2762 Nocte
436 2697 589 2775 insecuta,
601 2698 832 2766 dormientibus
842 2699 1108 2778 omnibus,astitit
1116 2697 1301 2766 dormitanti

166 2786 361 2863 Leouurico,
377 2787 426 2848 vir
448 2787 629 2852 autenticus
652 2786 743 2852 vultu
758 2788 894 2853 decorus
917 2798 950 2851 et
972 2787 1072 2865 cultu,
1089 2787 1145 2874 qui
1166 2799 1202 2850 et
1220 2787 1303 2853 dixit

162 2877 206 2941 ei.
254 2873 380 2948 “Quid
404 2874 455 2936 hio
483 2874 575 2938 sedes
602 2875 813 2943 Leouurice?
861 2874 950 2950 Quid
973 2875 1026 2939 hic
1051 2897 1175 2938 moram
1198 2875 1303 2941 facis?

169 2964 268 3029 Ocior
283 2984 389 3046 surge,
405 2975 439 3024 et
454 2962 496 3025 ad
511 2962 678 3028 ecclesiam
693 2987 808 3043 meam,
825 2977 859 3028 et
874 2963 915 3027 ad
931 2963 1036 3027 natale
1052 2963 1156 3027 solum
1171 2962 1302 3048 impiger

164 3051 331 3138 propera.”
402 3049 464 3113 Cui
496 3051 707 3129 Leouuricus,
739 3052 803 3116 tale
833 3051 935 3116 fertur
964 3050 1090 3114 dedisse
1120 3072 1302 3136 resposum:

167 3137 389 3202 “Reverende
405 3136 543 3215 domine,
560 3162 618 3224 per
627 3163 678 3204 me
694 3162 823 3224 surgere
838 3161 975 3225 nequeo,
992 3139 1068 3225 quia
1082 3139 1190 3224 ligatis
1206 3140 1306 3203 mauis

163 3229 226 3291 bus
242 3226 284 3290 ad
299 3240 435 3310 tergum,
452 3226 552 3311 pedes
567 3229 601 3291 in
612 3228 701 3316 ligno
716 3229 904 3291 constrictus
919 3226 1054 3291 habe0.'’
1093 3228 1156 3292 Cu'i
1172 3228 1307 3293 Sanctus

169 3315 330 3382 Oswinus.
378 3324 399 3354 “
420 3314 522 3399 Surge
539 3315 702 3392 velociter,
720 3336 760 3379 ne
783 3315 964 3405 moreris.’'⁸
996 3313 1039 3377 Et
1053 3314 1105 3379 his
1121 3315 1228 3394 dictis,
1244 3315 1308 3380 dis-

168 3403 286 3488 paruit.
320 3401 483 3490 Evigilans
499 3405 607 3490 itaque
625 3404 836 3482 Leouuricus,
851 3416 884 3467 et
900 3402 940 3466 de
956 3403 1078 3466 visione
1093 3403 1200 3466 laetior
1214 3402 1309 3468 effec-

168 3503 232 3568 tus,
249 3512 361 3554 manus
378 3513 450 3555 suas
466 3492 577 3555 solutis
593 3491 725 3554 vinculis
741 3492 857 3555 liberas
873 3492 1004 3555 invenit.
1053 3490 1118 3554 Sed
1135 3492 1251 3556 timens
1266 3514 1308 3557 ne

168 3576 188 3647 ὲ
202 3578 388 3642 custodibus
403 3581 537 3644 carceris
553 3579 697 3662 auditum
719 3578 831 3644 fuisset
843 3579 930 3666 quod
945 3577 1013 3664 ipse
1029 3578 1185 3657 audierat,
1201 3601 1311 3655 recur-

169 3680 223 3730 vat
245 3666 376 3730 brachia
397 3666 439 3730 ad
461 3668 592 3731 dorsum
608 3679 641 3729 et
656 3666 772 3731 iterum
788 3667 983 3731 obdormuit.
1044 3665 1121 3732 Non
1136 3668 1220 3730 enim
1234 3669 1311 3730 esti·

170 3754 268 3818 mavit
290 3755 325 3818 id
349 3778 382 3818 se
408 3756 442 3817 in
465 3756 586 3819 visione
610 3752 730 3832 videre,
756 3754 868 3820 sedin
891 3753 1114 3818 collocutione.
1166 3753 1210 3817 Et
1233 3777 1309 3819 ecce

171 3841 312 3909 secundi>
325 3841 429 3910 astitit
451 3844 480 3907 ei
507 3843 644 3907 Sanctus
663 3841 821 3922 Oswinus,
838 3844 1003 3926 increpans
1019 3843 1050 3906 ei
1070 3855 1104 3906 et
1117 3843 1210 3928 quasi
1224 3862 1311 3906 corn·

171 3945 277 3996 motus
300 3931 431 3994 dicens:
457 3930 561 3994 “Cur
578 3929 677 4014 jussis
692 3931 770 3995 meis
786 3953 851 3994 non
873 3929 1146 4016 obtemporastis‘?
1193 3929 1310 3995 Nonne

173 4042 324 4085 manuum
347 4017 473 4081 vincula
496 4017 601 4081 soluta
623 4020 725 4082 sunt?
774 4018 877 4103 Surge
901 4040 979 4103 ergo
1002 4031 1036 4083 et
1051 4018 1201 4084 baculum
1216 4041 1312 4105 quem

174 4131 246 4173 sero
268 4121 422 4193 tyrannus
440 4103 519 4189 jecit
541 4107 573 4168 in
597 4118 628 4169 te
651 4105 789 4191 accipe.”
837 4106 880 4170 Et
902 4106 1001 4191 pedes
1016 4106 1034 4172 a
1050 4106 1144 4191 cippo
1165 4101 1313 4185 facillime

174 4195 346 4260 extrahens
360 4192 510 4256 baculum
531 4190 562 4255 in
586 4216 620 4256 se
630 4193 754 4277 jactum
770 4216 864 4258 manu
880 4194 1024 4280 sumpsit,
1042 4209 1074 4259 et
1094 4194 1136 4258 ad
1151 4194 1314 4280 quoddam

174 4283 325 4359 hostium,
343 4302 385 4344 ex
399 4283 490 4365 cujus
506 4291 685 4345 transverso
700 4303 780 4365 puer
791 4282 922 4369 quidem
937 4305 1092 4370 equorum
1108 4297 1214 4346 custos
1225 4283 1315 4367 jace·

175 4373 242 4450 bat,
258 4366 413 4455 pervenit.
463 4368 594 4456 Acujus
618 4367 699 4433 ostio
723 4392 825 4434 seram
847 4371 961 4437 leviter
984 4370 1141 4446 excussit3
1166 4370 1223 4434 sed
1239 4369 1316 4458 quia
