2888 5018
160 330 212 409 74
535 340 726 393 emanans
752 341 804 391 na
830 340 935 392 oarn

163 509 242 572 dum
264 505 467 591 disponebat.
512 505 597 568 Nam
622 504 719 566 solius
741 502 819 590 luga
841 503 1008 568 consilium
1031 502 1177 568 advertit
1200 504 1298 570 sibiet

162 617 265 680 puero
293 593 420 657 salubre.
443 593 512 656 fore
535 590 721 677 presidium.
772 593 839 654 Sub
862 606 1019 655 nocturno
1042 594 1144 675 igitur
1167 606 1297 678 tempore

162 681 260 766 coepit
282 682 391 763 sugam
407 681 558 766 arripere,
575 702 774 765 puerumque
790 702 898 743 secum
913 679 1004 754 tulit;
1020 682 1098 765 quia
1112 703 1178 765 pro
1193 697 1298 767 eo'am·

162 770 246 854 plius
258 768 450 835 formidavit.
504 769 614 842 Quare
630 783 787 830 nocturna
802 767 918 831 viatrix
930 783 1042 852 portus
1058 767 1158 831 matis
1171 762 1299 843 clanculo

162 856 252 932 adiit,
269 857 354 920 etad
370 870 492 941 portus,
510 879 590 942 quos
606 870 854 940 praeoptaverat,
871 878 934 919 una
949 876 1021 917 cum
1035 877 1143 938 puero
1159 856 1298 942 pervenit.

162 945 295 1020 Verum,
320 947 394 1030 quia
418 944 623 1030 diligentibus
653 943 830 1006 Dominum
859 943 1023 1006 Christum
1049 944 1163 1007 omnia
1183 967 1300 1030 cooper-

163 1047 258 1095 antur
282 1031 315 1094 in
340 1033 471 1107 bonum,
497 1055 569 1094 cum
594 1031 636 1093 ad
664 1031 738 1094 litus
764 1033 857 1094 maris
879 1031 1116 1117 contingerent,
1136 1033 1215 1096 Deo
1229 1031 1300 1096 ordi·

162 1133 270 1193 nante,
287 1118 443 1203 provenit,
461 1135 495 1182 ut
506 1142 573 1183 suae
586 1117 754 1197 intentioni
766 1134 882 1183 cuncta
891 1120 1104 1201 congruentia
1116 1119 1149 1182 in
1160 1133 1299 1205 promptu

162 1222 344 1293 praeparata
368 1207 555 1291 reperirent.
613 1206 714 1268 Navis
739 1206 866 1292 quidem
896 1206 1095 1270 Britanniam
1123 1207 1253 1272 aditura
1276 1207 1299 1270 iu

161 1297 309 1380 portibus
324 1294 425 1371 affuit,
442 1296 600 1380 flatusque
616 1310 784 1357 ventorum
803 1294 862 1356 illis
878 1293 1037 1356 secundus
1049 1293 1166 1358 arrisit.
1210 1295 1299 1369 Quam

161 1406 253 1467 puer,
279 1399 379 1447 matre
403 1386 588 1457 comitante,
612 1405 684 1445 cnm
709 1382 907 1457 ascenderet,
930 1382 1065 1468 contigit
1079 1397 1118 1446 ut
1135 1382 1299 1467 improvide

160 1469 244 1535 liber
268 1471 478 1548 Psalmorum,
502 1494 544 1535 ex
561 1469 705 1533 manibus
720 1471 790 1553 ejus
806 1470 942 1553 elapsus,
959 1468 992 1533 in
1008 1470 1148 1556 gurgitis
1163 1469 1300 1556 iuferiora

163 1558 347 1634 decideret;
372 1559 458 1623 unde
479 1558 610 1642 grandis
633 1558 694 1621 fnit
711 1557 863 1621 mentium
880 1557 1109 1634 consternatio,
1127 1571 1196 1623 tam
1212 1580 1299 1645 puero

163 1669 259 1732 quam
289 1645 455 1734 genetrici.
515 1645 725 1709 Haerentibns
752 1645 812 1708 illis
843 1644 899 1709 diu
926 1659 958 1708 et
988 1646 1206 1729 stupentibus,
1237 1667 1299 1712 ecce

161 1733 281 1798 vitulus
303 1734 443 1799 marinus
459 1731 499 1794 de
514 1731 647 1795 occultis
665 1731 795 1795 marinis
811 1732 967 1796 meatibus
982 1733 1099 1817 erupit,
1116 1733 1297 1822 librumque,

161 1821 283 1889 cunctis
309 1820 502 1895 videntibus,
530 1841 626 1903 super
652 1822 753 1883 undas
779 1842 859 1903 vage
882 1820 1061 1887 fluitantem
1084 1821 1191 1886 bucca
1204 1822 1300 1903 hiante

161 1909 300 1994 suscepit
327 1922 360 1975 et
384 1908 563 1973 absorbuit.
616 1906 860 1994 Confestimque
887 1909 1001 1993 praedo
1025 1929 1165 1975 vesanus
1192 1910 1299 1996 patrias

159 1999 303 2085 relapsus
330 1995 362 2058 in
390 1996 492 2059 undas
519 2018 649 2059 ornnem
669 2019 759 2081 spem
786 1995 969 2081 requirendi
994 1995 1110 2061 librum
1136 1997 1298 2083 praescidit.

161 2086 226 2150 Sed
244 2085 308 2148 Dei
325 2082 432 2161 virtus,
450 2085 505 2169 qui
520 2083 713 2169 prophetam
730 2087 761 2147 in
778 2098 887 2148 ventre
902 2083 965 2148 ceti
980 2086 1105 2148 voracis
1117 2085 1297 2162 observarit,

91 2218 92 2221 κ
159 2173 282 2237 illesum
306 2173 400 2255 pueri
424 2174 473 2233 sui
498 2171 612 2235 librum
640 2174 682 2236 ab
708 2173 796 2236 omni
824 2171 955 2235 laesione
979 2171 1062 2237 infra
1084 2171 1181 2259 piscis
1204 2176 1298 2239 fauces

157 2258 330 2327 custodivit
341 2257 532 2323 omnimodis
542 2258 710 2325 illibatum.
755 2259 825 2324 Nec
837 2274 945 2323 tamen
954 2281 1032 2323 mox
1043 2259 1163 2325 librum
1175 2261 1296 2349 recepit,

146 2346 215 2419 ‚sed
227 2345 328 2432 magis
345 2348 424 2410 mari
439 2345 585 2422 transito,
602 2348 683 2410 sicut
699 2349 731 2410 in
746 2346 882 2433 posteris
897 2346 1109 2414 intimabitur.
1251 2354 1255 2359 '

618 2659 736 2738 [CAP.
755 2656 849 2738 XV]

204 2885 362 2959 Quaedam
390 2908 474 2949 nunc
498 2884 733 2971 interponenda
755 2897 840 2959 sunt,
863 2906 937 2969 qnae
959 2883 1169 2950 inveniuntur
1183 2887 1218 2950 in
1231 2885 1298 2974 bys-

152 2973 237 3039 toria
260 2972 528 3057 Hybernentium,
545 2995 618 3060 quae
634 2994 698 3037 non
715 2988 789 3037 suut
799 2970 996 3043 omittenda3
1018 2974 1165 3057 quamvis
1177 2972 1300 3039 videtn-

153 3076 207 3126 tur
232 3083 302 3125 esse
333 3060 541 3124 incredibilia.
590 3062 667 3125 Erat
694 3060 741 3124 vir
767 3060 898 3146 quidam
924 3081 1059 3146 magnus
1086 3061 1172 3126 inter
1193 3082 1298 3127 omnes

156 3150 396 3236 Hybemenses,
436 3148 487 3210 cui
524 3171 593 3232 prae
624 3148 815 3211 multimoda
844 3170 910 3210 suae
941 3147 1120 3212 sanctitatis
1150 3149 1298 3234 opinione

154 3236 325 3300 nobiliores
353 3234 469 3321 quique
491 3236 605 3319 patriae
628 3235 691 3299 Dei
718 3234 853 3300 servicio
875 3235 959 3297 filios
982 3257 1055 3297 suos
1082 3236 1298 3302 informandos

154 3322 436 3387 contradiderant:
475 3336 509 3387 et
531 3324 606 3410 quia
632 3338 704 3388 ortu
731 3322 823 3413 simul
848 3336 879 3385 et
909 3338 987 3385 natu
1013 3322 1097 3385 inter
1122 3346 1177 3388 eos
1200 3324 1297 3389 clarus

154 3410 329 3486 effulserat,
356 3410 469 3495 majori
492 3414 701 3476 veneracione
725 3423 758 3474 et
784 3409 880 3473 laude
907 3409 1098 3473 excellebat.
1151 3411 1218 3476 Hic
1243 3431 1298 3475 sex

154 3521 270 3582 pueros
292 3521 365 3562 cum
388 3500 479 3562 annis
501 3500 691 3587 quibusdam
710 3498 888 3574 educasset,
906 3513 938 3561 et
953 3497 1076 3561 caelesti
1093 3499 1216 3582 Spiritu
1231 3499 1297 3564 illos

152 3586 276 3656 fervere
299 3586 439 3664 vidisset,
464 3611 562 3672 supra
576 3587 709 3650 modurn
724 3585 756 3649 in
769 3584 895 3649 illorum
912 3584 1142 3665 informacione
1153 3600 1188 3665 et
1203 3587 1299 3663 dilec-

153 3675 240 3743 tione
266 3673 362 3743 animi
388 3678 438 3741 sui
461 3675 665 3740 dulcedinem
689 3673 848 3741 accendit.
894 3673 1139 3758 Decedentibus
1161 3674 1297 3762 deniqne

152 3786 327 3849 puerorum
353 3765 508 3848 patribus,
536 3762 590 3848 qui
615 3760 843 3844 consanguinei
870 3762 1015 3847 ipsorum
1040 3764 1230 3842 extiterant,
1256 3763 1298 3837 ad

150 3851 417 3939 patrimoniorum
433 3873 565 3917 suorum
575 3850 652 3933 jura
666 3847 737 3911 illos
752 3849 959 3935 percipienda
974 3848 1127 3915 continue
1137 3862 1172 3915 et
1183 3850 1298 3938 saepius

150 3941 398 4027 compellebant.
448 3939 491 4002 Et
506 3938 588 4003 adeo
604 3935 808 4001 vehementia
823 3937 950 4021 illorum
966 3937 1077 4014 crevit,
1095 3940 1185 4023 quod
1199 3961 1299 4027 quau·

148 4029 256 4117 doque
281 4029 438 4093 violenter
458 4025 500 4091 de
531 4046 626 4087 manu
651 4024 791 4108 religiosi
819 4048 937 4110 pueros
960 4049 1085 4111 rapere,
1100 4025 1183 4097 etin
1198 4049 1298 4113 regno

148 4131 276 4201 patrum
289 4116 458 4187 restituere
470 4111 623 4180 decrevit.
659 4112 749 4183 Huic
760 4112 830 4176 viro
842 4113 1023 4198 episcopus,
1034 4113 1175 4180 nutritor
1189 4115 1299 4192 Sancti

150 4203 331 4280 Cutbberti,
343 4200 525 4276 moriturus,
539 4222 677 4285 puerum
690 4201 906 4266 Cutbbertum
923 4201 1137 4285 commiserat,
1153 4226 1251 4292 quem
1265 4217 1299 4283 et

146 4290 331 4388 aliquandiu
360 4289 392 4355 in
422 4287 470 4369 sui
500 4289 650 4363 custodia
678 4288 880 4367 venerandus
911 4312 1015 4369 senex
1039 4306 1296 4375 conservarent.
