2888 5018
663 392 748 454 vrri
772 392 912 453 ΒΔΝΒἩ

346 565 490 652 Sumptis
503 564 594 630 humi
608 573 745 650 portem,
761 563 932 630 medicinae
946 563 1029 630 sicut
1042 564 1076 628 in
1091 573 1204 648 ntem,

345 654 480 720 Miscuit
493 666 528 718 et
539 653 680 738 limphis,
698 653 753 718 ubi
768 651 851 718 fudit
866 652 898 716 in
914 674 951 719 os
971 653 1146 738 patientius

344 742 417 807 Nec
432 755 522 806 mora
535 740 703 819 clamores,
720 751 839 819 tnotus,
855 741 1053 828 miserosque
1068 742 1207 822 furores,

346 829 479 916 Oraque
494 830 694 914 compressit,
708 841 862 907 mentem,
879 828 1088 981 requie-meppie
1103 833 1252 917 capessit.

346 917 448 981 Facto
462 939 557 982 mane
573 915 703 1003 quidem
718 918 888 1004 consurgit
902 932 1013 1002 sospes
1027 917 1038 980 i
1062 915 1160 998 idem,

345 1004 390 1068 Et
404 1004 516 1069 melius
531 1004 644 1082 credit,
661 1013 696 1069 et
709 1004 819 1068 senior
834 1003 908 1069 iude
923 1003 1056 1070 recedis

343 1091 403 1156 Vir
418 1095 472 1177 pie
486 1091 664 1180 signorum,
681 1091 767 1156 vires
782 1104 892 1177 preme
907 1092 1166 1158 doemonio'tiim:

344 1178 444 1244 Pluris
459 1179 595 1266 impuris
608 1180 650 1244 sit
664 1179 752 1244 nulle
766 1179 896 1244 licentis
905 1179 998 1265 juris,

347 1266 397 1332 Ut
411 1282 464 1332 nro
478 1258 674 1353 discerpant,
698 1267 749 1332 vel
764 1269 798 1332 in
812 1267 927 1334 intima
939 1267 1074 1333 crimine
1090 1280 1230 1354 serpant.

262 1552 266 1557 -
301 1593 422 1670 [CAP.
446 1589 752 1668 XLLJ-Qtuzeer
780 1611 891 1673 eorpus
914 1593 1016 1673 ipsius
1035 1601 1110 1673 post
1133 1596 1276 1661 undecim

508 1699 609 1743 onnus
622 1683 832 1762 iocor-repensor
846 1682 889 1742 sit
901 1679 1066 1743 iovem

344 1894 391 1961 Ut
402 1892 451 1959 sol
467 1892 615 1958 undenos
629 1892 766 1976 girando
780 1905 950 1979 peregerat
964 1914 1076 1972 annos,

343 1982 396 2047 Ex
411 2005 487 2069 quo,
503 2003 583 2065 poce
596 1979 670 2059 Dei,
687 1980 747 2046 tibi
762 1993 889 2066 tempus
904 1994 973 2044 erat
988 1982 1124 2068 requici,

340 2071 384 2136 Et
399 2092 476 2135 cura
490 2068 592 2134 multe
604 2067 710 2134 fueret
722 2090 799 2133 cero
814 2078 925 2132 sanctu
938 2069 1076 2153 sepulta,

268 2213 269 2217 ,
340 2159 434 2224 Tunc
450 2157 564 2222 enimi·
578 2157 715 2221 fratrum
730 2155 779 2235 fit,
797 2156 929 2222 Christo
940 2155 1065 2240 judice,
1079 2171 1220 2245 gratnm,

344 2246 393 2311 Ut
405 2259 463 2312 tua
475 2247 518 2309 de
534 2257 622 2309 terra
632 2245 748 2309 tollant
761 2243 963 2308 sanctissimo
974 2245 1139 2324 membru3

344 2333 428 2407 Quae
444 2332 565 2397 cineres
579 2332 665 2396 facta
679 2333 817 2397 credunt
830 2330 1002 2418 putredine
1017 2347 1113 2413 tectu,

340 2421 428 2484 Heec
443 2433 480 2484 ut
495 2419 630 2483 humum
644 2441 744 2504 supm
757 2439 889 2484 servans
903 2442 990 2486 nove
1002 2421 1135 2507 colligat
1150 2442 1234 2488 areu

341 2507 407 2574 Sed
422 2505 469 2571 nil
483 2518 599 2571 nature
614 2507 700 2572 vaiet
713 2506 766 2572 hic
778 2509 945 2593 corruptio
958 2508 1052 2588 doru,

342 2594 448 2669 Quem
463 2593 570 2658 fuemt
586 2593 666 2659 labie
683 2609 748 2660 tam
760 2608 837 2660 sunt
852 2595 1009 2662 immunia
1023 2597 1117 2676 tobis,

339 2683 466 2770 Corpus
481 2683 575 2748 adest
589 2696 704 2762 toturn,
727 2683 774 2746 nii
789 2703 883 2749 cerne
900 2685 951 2749 vel
965 2702 1037 2750 osse
1051 2697 1225 2765 moretoni,

338 2771 462 2837 Flexile
478 2771 641 2850 vincturis
665 2770 771 2837 nervis
784 2774 979 2858 compagine
993 2772 1093 2852 duris,

340 2859 498 2925 Reddidit
511 2859 678 2925 inventum
691 2881 752 2925 ceu
764 2864 909 2945 suscepit
924 2874 1179 2940 monumentum,

340 2947 389 3012 Ut
403 2949 529 3034 requies
544 2948 657 3025 somni,
674 2947 720 3012 sic
736 2970 874 3034 corpore
888 2961 979 3032 paret
995 2947 1028 3012 in
1043 2950 1147 3013 omni:

340 3034 494 3100 Vestibus
510 3049 543 3100 et
559 3034 655 3100 sacris
671 3035 836 3122 corruptio
852 3036 954 3101 defuit
969 3036 1048 3102 seris
1066 3061 1074 3101 τ

339 3121 441 3187 Nulla
456 3123 586 3210 quidem
601 3125 714 3209 pannis
730 3124 866 3189 undenis
883 3123 1020 3210 contigit
1033 3122 1136 3200 annis,

338 3208 421 3284 Quis
438 3225 493 3275 tus
505 3220 617 3297 sancte
628 3222 706 3276 caro
720 3204 783 3276 iuis
794 3202 897 3276 obsita
914 3225 1047 3277 munere
1062 3211 1159 3275 ciero.

337 3294 472 3377 (ipsese,
489 3302 538 3364 vir
554 3296 708 3383 angelice,
723 3298 823 3382 putris
839 3299 1068 3384 omnipotentis
1083 3291 1194 3375 amice,

341 3385 430 3458 Quas
446 3387 622 3463 detestaris,
640 3384 750 3449 sordes
767 3378 864 3449 michi
880 3386 967 3450 dilue
984 3388 1109 3462 cernis3

335 3473 387 3538 Ne
403 3475 486 3539 male
501 3484 671 3559 putrescat,
688 3471 715 3534 si
730 3473 878 3538 sordibus
893 3474 942 3537 his
959 3474 1155 3562 requiescat3

339 3561 405 3627 Sed
421 3563 579 3650 templum
595 3559 729 3626 christo
745 3562 806 3626 sim
821 3584 957 3649 corpere
973 3563 1102 3629 deditus
1116 3561 1186 3628 isto.
