2888 5018
218 329 266 394 10
530 387 531 390 ,
666 345 758 394 vrrs
787 345 928 394 oswun

216 506 348 569 domum
363 506 395 569 in
408 506 472 591 qua
488 519 677 569 moreretur.
727 507 863 570 Constat
872 505 970 591 igitur
981 506 1056 593 quia
1071 529 1129 592 pro
1139 508 1204 572 suis
1221 511 1377 596 exemplo

218 592 351 656 Domini
371 593 475 656 libens
496 606 633 656 mortem
648 592 802 669 subierit3
826 616 898 656 cum
919 607 1009 678 patet
1024 595 1099 680 quia
1114 595 1195 659 sicut
1212 597 1376 662 Dominus

211 681 273 744 sua
288 695 402 764 sponte
418 681 524 744 locum
539 679 692 763 passionis
704 680 830 744 adierit.
872 680 938 744 Sed
953 681 1015 746 heu
1027 704 1182 768 nusquam
1195 697 1267 747 tuta
1278 685 1375 750 fides.

218 765 319 830 Nulla
330 768 428 851 pestis
439 767 599 831 efficacior
610 780 659 830 est
671 768 713 830 ad
725 767 917 845 nocendum,
931 791 1027 853 quam
1039 768 1200 833 familiaris
1214 770 1373 835 inimicus.

219 853 420 918 Hunwaldus
435 854 520 937 regis
536 854 679 917 inimicus
699 867 778 931 erat,
796 855 854 918 sed
870 876 976 938 regem
992 856 1125 919 latebat.
1172 857 1327 944 Dumque
1343 860 1375 924 ei

214 962 276 1003 rex
288 954 446 1005 secretum
459 964 552 1004 suum
563 940 796 1018 committebat,
809 941 864 1004 ille
876 942 1091 1025 proditionem
1100 943 1133 1005 in
1143 946 1249 1008 animo
1262 946 1376 1011 volve-

216 1028 283 1091 bat.
334 1028 368 1092 Si
383 1031 499 1115 quaeris
516 1027 698 1092 inimicandi
714 1050 852 1106 causam,
871 1051 934 1093 non
951 1043 1043 1093 extat
1058 1030 1120 1094 alia
1134 1031 1193 1094 nisi
1209 1054 1289 1115 pura
1303 1055 1375 1098 ma-

215 1113 294 1178 litia.
342 1114 426 1178 Nam
443 1138 517 1179 eum
533 1137 591 1179 rex
607 1116 639 1178 in
655 1116 744 1179 nullo
760 1138 900 1201 unquam
915 1117 1105 1194 offenderat,
1123 1119 1180 1181 sed
1196 1131 1230 1181 ut
1247 1119 1374 1184 dictum

212 1214 274 1279 est,
288 1202 538 1286 possessionibus
550 1202 768 1286 ampliaverat.
806 1201 876 1267 Nec
886 1203 1015 1267 aliunde
1025 1205 1091 1288 ejus
1103 1203 1181 1267 iram
1195 1221 1372 1284 meruerat,

215 1288 277 1352 nisi
293 1289 380 1374 quod
393 1289 566 1353 honoribus
579 1290 807 1354 cumulaverat.
848 1290 1047 1354 Hunwaldus
1061 1293 1168 1377 itaque
1181 1293 1270 1378 quasi
1283 1295 1372 1378 pacis

214 1376 310 1453 filius,
318 1376 349 1438 in
359 1376 517 1441 interioris
527 1377 693 1441 diversorii
706 1377 848 1441 conclavi
858 1378 1011 1441 Sanctum
1021 1378 1369 1462 Regemintroducens‚

214 1463 365 1548 pacisque
393 1464 596 1528 securitatem
621 1465 821 1549 promittens,
846 1465 946 1552 quieti
970 1488 1003 1528 se
1027 1480 1137 1550 aptare
1161 1469 1371 1532 commonuit.

218 1550 262 1614 Et
275 1573 314 1613 ne
323 1552 391 1635 ipse
404 1551 578 1637 quiescenti
590 1553 743 1615 tumultus
753 1553 857 1628 fieret,
868 1552 900 1615 in
914 1552 1007 1615 aliam
1017 1575 1051 1616 se
1063 1553 1222 1616 officinam
1231 1554 1370 1639 recepit:

215 1650 250 1700 et
273 1638 361 1701 velut
384 1638 545 1724 inopinate
567 1639 717 1704 thesauro
740 1639 872 1701 invento
895 1639 1082 1722 tripudians,
1107 1663 1207 1704 morae
1225 1642 1370 1704 nesciens

218 1724 439 1789 Beruiciorum
455 1749 564 1810 regem
581 1726 671 1803 adiit,
693 1725 816 1810 ipsique
836 1725 1000 1787 dominum
1019 1748 1111 1790 suum
1132 1728 1284 1791 Sanctum
1304 1728 1371 1792 Re-

212 1834 288 1896 gem
308 1813 471 1877 Oswinum
487 1813 640 1898 prodidit.
690 1811 828 1876 Odolus
845 1824 877 1875 et
893 1811 1051 1896 nequitia!
1077 1814 1109 1877 0
1124 1815 1255 1879 alterius
1271 1816 1369 1881 Judae

214 1900 369 1983 perfidia!
396 1901 472 1965 Pius
493 1923 630 1986 namque
645 1922 705 1963 rex
720 1899 851 1961 domum
871 1899 1045 1963 Hunwaldi
1060 1903 1261 1966 confidenter
1276 1903 1367 1981 adiit,

211 2001 248 2050 et
264 2010 337 2050 eum
357 1989 568 2074 nequissimus
588 1988 702 2071 hospes
721 1985 969 2050 interimendum
989 1987 1171 2052 adversario
1191 1991 1369 2054 sceleratis-

213 2074 293 2139 sime
317 2076 459 2139 tradidit.
510 2075 598 2148 Quid
621 2075 698 2138 facis
723 2073 907 2136 Hunwalde
924 2074 1069 2157 proditor
1084 2076 1249 2159 maligne?
1275 2077 1368 2140 Nun-

193 2216 195 2220 ,
214 2161 291 2247 quid
309 2161 414 2226 Deum
429 2186 490 2228 non
505 2162 610 2238 times,
624 2184 683 2224 uec
695 2161 839 2223 homines
849 2163 1031 2226 revereris?
1056 2162 1222 2249 Numquid
1235 2163 1261 2226 si
1274 2164 1366 2228 Deus

213 2248 315 2313 filium
338 2273 430 2314 suum
447 2250 538 2334 prodi
557 2247 710 2333 permisit,
727 2247 868 2332 proditio
883 2248 912 2310 ei
929 2249 1077 2332 placuit?
1102 2249 1219 2314 Nonne
1236 2252 1365 2314 traden-

212 2336 274 2399 dus
295 2337 441 2401 traditori
464 2335 635 2421 praedixit3
662 2345 683 2374 “
699 2335 760 2397 Vae
781 2334 903 2398 homini
925 2358 981 2419 per
1003 2359 1098 2421 quem
1122 2337 1205 2400 filius
1227 2338 1363 2402 hominis

213 2424 360 2487 tradetur
368 2426 404 2489 P”
432 2423 529 2496 Quod
548 2423 613 2486 sive
631 2422 811 2509 gehennale
831 2444 895 2484 non
913 2425 1062 2499 attendis,
1080 2426 1128 2487 vel
1145 2425 1313 2489 attendere
1330 2440 1363 2490 te

210 2511 402 2589 dissimulas,
419 2509 551 2574 attende
564 2509 675 2572 saltem
687 2509 774 2596 quod
790 2509 821 2571 in
838 2509 935 2572 oculis
948 2510 1113 2575 hominum
1123 2512 1166 2575 nil
1178 2512 1364 2596 proditione

210 2599 254 2662 sit
270 2596 436 2682 abjectius,
458 2596 502 2659 nil
526 2596 683 2673 infestius,
702 2597 745 2659 nil
765 2596 938 2660 scelestius.
987 2598 1133 2662 Proditio
1149 2601 1250 2662 scelus
1266 2601 1366 2664 scele-

213 2709 296 2762 rnm,
321 2685 441 2748 crimen
464 2683 650 2759 criminum;
673 2683 752 2768 legis
775 2684 994 2768 transgressio,
1014 2686 1095 2771 juris
1118 2687 1262 2750 confusio
1275 2712 1283 2763 3
1307 2711 1366 2752 ne-

212 2773 325 2860 quitiae
345 2770 512 2856 professio,
536 2771 668 2836 malitiae
687 2771 888 2855 protestatio.
936 2772 1092 2850 Proditio,
1114 2796 1164 2838 res
1204 2775 1293 2838 ratiae
1308 2798 1365 2839 ne-

211 2861 289 2937 scia,
316 2872 381 2923 tam
397 2859 465 2942 ejus
482 2859 533 2922 cui
553 2860 602 2936 lit,
619 2882 716 2946 quarn
731 2859 799 2942 ejus
815 2861 848 2922 in
868 2882 965 2945 quem
979 2861 1028 2937 fit,
1046 2861 1130 2925 tollit
1148 2799 1364 2926 dilectionem.

215 2946 316 3020 Quod
331 2946 356 3008 si
372 2947 547 3009 communis
562 2947 702 3030 proditio
717 2947 788 3010 talis
804 2960 864 3024 est,
882 2946 1002 3011 domini
1018 2948 1158 3032 proditio
1173 2949 1274 3036 qualis
1290 2952 1365 3014 est?

218 3034 251 3098 Si
275 3034 377 3097 scelus
400 3034 556 3097 scelerum
578 3047 637 3111 est,
660 3033 781 3097 socium
804 3035 853 3099 vel
871 3034 1011 3098 vicinum
1028 3037 1177 3120 prodere,
1199 3036 1365 3101 dominum

212 3121 351 3207 prodere
372 3133 527 3207 quantum
543 3120 645 3184 scelus
664 3123 738 3186 est?
761 3122 833 3185 Jam
851 3121 932 3185 tanti
948 3122 1073 3186 sceleris
1089 3123 1281 3202 immanitas,
1297 3147 1366 3188 ser-

212 3208 316 3272 monis
337 3207 466 3272 excedit
487 3207 660 3291 angustias
705 3210 778 3273 Jam
799 3233 904 3273 sermo
925 3231 988 3272 non
1010 3210 1162 3294 explicat,
1187 3212 1274 3298 quod
1290 3235 1364 3276 usus

213 3295 350 3379 ignorat.
400 3295 497 3368 Quod
521 3295 546 3358 si
569 3296 817 3360 emolumentum
841 3320 882 3360 ex
905 3290 1086 3380 proditione
1110 3313 1273 3383 expectas,
1297 3321 1364 3363 non

209 3395 387 3466 comparet.
437 3382 470 3446 Si
494 3382 580 3447 enim
601 3384 709 3467 prodis
734 3399 769 3448 nt
792 3385 940 3460 ditescas,
965 3384 1084 3449 fraudis
1108 3399 1174 3450 tuae
1189 3386 1365 3470 muscipula

212 3469 334 3553 caperis
344 3493 353 3545 ;
374 3469 450 3555 quia
468 3493 627 3557 nunquam
646 3485 679 3535 te
700 3471 798 3535 tantis
819 3471 995 3535 cumulabit
1009 3473 1183 3538 honoribus
1197 3473 1297 3537 hostis
1312 3473 1365 3537 cui

213 3557 322 3633 tradis,
340 3557 465 3643 quantis
479 3559 548 3642 jam
569 3559 743 3622 cumularit
764 3558 913 3622 dominus
934 3583 1030 3645 quem
1047 3560 1157 3624 tradis.
1207 3561 1241 3624 Si
1255 3560 1363 3644 prodis

213 3657 249 3708 ut
264 3643 401 3728 placeas,
418 3645 553 3722 falleris3
570 3646 645 3731 quia
660 3646 799 3731 proditio
814 3647 891 3711 facit
906 3669 947 3710 ne
962 3646 1022 3730 ipsi
1037 3648 1174 3731 placeaS,
1192 3646 1242 3708 cui
1258 3648 1364 3731 placet

212 3730 353 3817 proditio
373 3745 439 3796 tua.
488 3733 610 3796 Vitium
627 3733 815 3818 proditionis
831 3756 895 3796 non
911 3733 1028 3816 placet,
1045 3756 1105 3797 nec
1120 3732 1301 3817 proditione
1317 3735 1365 3798 vi-

207 3818 312 3883 ·tiosus
327 3819 444 3903 placet,
457 3821 508 3884 cui
524 3835 631 3885 tamen
648 3833 737 3884 actus
752 3819 941 3904 proditionis
957 3819 1070 3902 placet.
1113 3818 1182 3883 Nec
1193 3833 1241 3884 est
1257 3821 1287 3883 in
1303 3823 1363 3886 hac

211 3929 248 3970 re
270 3906 321 3969 cui
344 3907 444 3995 magis
465 3921 590 3985 noceas,
607 3931 703 3993 quam
725 3907 783 3970 tibi
804 3906 873 3990 ipsi,
897 3905 951 3990 qui
967 3905 1099 3968 malitiae
1114 3907 1217 3971 insitae
1233 3909 1363 3973 stimulo

211 3994 320 4079 prodis
342 3994 569 4074 innocentiam,
599 4009 633 4058 et
655 4017 713 4078 per
735 3993 845 4057 mortis
869 3992 1103 4076 intempestivae
1126 3997 1361 4081 compendium,

210 4082 341 4147 domino
361 4083 430 4172 regi
451 4083 609 4147 acceleras
631 4080 775 4166 martyrii
795 4080 941 4163 gloriam,
964 4092 997 4143 et
1015 4082 1108 4146 nobis
1123 4085 1192 4169 ejus
1207 4084 1363 4171 obsequio

205 4171 397 4256 mancipatis
424 4169 565 4254 corporis
588 4170 657 4252 ejus
683 4166 857 4250 gratiosam
879 4167 1092 4251 praesentiam.
1141 4171 1363 4236 Beruiciorum

202 4257 318 4346 ‘itaque
342 4281 400 4322 rex
425 4255 561 4320 crudelis
585 4253 627 4317 ad
654 4256 785 4317 verbum
813 4253 1003 4338 proditionis
1026 4258 1187 4338 exultanS,
1208 4271 1245 4324 'et
1271 4258 1362 4323 labiis

203 4347 406 4430 proditorem
434 4340 656 4417 Hunwaldum
677 4341 849 4422 honorans,
879 4341 1080 4429 intempestae
1106 4347 1210 4412 noctis
1234 4345 1362 4410 silentio
