2888 5018
486 345 581 403 vm
608 344 745 402 mour

175 516 252 596 Fac,
267 515 366 595 bone,
378 514 429 582 fae
440 513 581 604 inquam,
596 512 713 580 faciam
727 511 826 594 bona,
842 532 944 602 prava
956 505 1150 599 relinquam:

177 606 243 671 Fac
258 624 353 669 orans
366 603 503 690 plorem,
519 600 648 690 plorans
663 611 697 668 et
709 599 848 668 dulciter
862 622 975 682 orem;

180 693 230 759 Ut
244 691 344 759 modo
359 691 495 758 earnalis
509 712 568 778 per
582 701 616 756 te
631 689 691 755 sim
706 688 889 776 spiritualis,

162 1080 280 1163 [aar.
298 1078 607 1162 XVL]-Qualtter
620 1080 779 1146 aarum
793 1082 828 1145 tn
841 1080 948 1147 ram
962 1084 1086 1151 sums

182 1333 272 1399 Hinc
288 1331 428 1398 sacriora
443 1331 535 1416 petis,
553 1328 757 1395 terrestribus
773 1329 916 1418 undique
928 1334 1066 1418 spretis:

186 1423 225 1487 In
242 1422 348 1485 Farne
363 1419 494 1484 latebris
509 1418 592 1483 coelo
607 1417 696 1503 cupis
713 1441 781 1484 esse
797 1419 952 1497 celebris3

183 1509 294 1572 Terris
311 1507 463 1584 occultus,
480 1528 586 1571 rerum
602 1505 734 1571 vitando
750 1507 917 1573 turnultus.

185 1595 270 1659 Haee
287 1616 382 1680 super
397 1613 446 1658 est
461 1615 539 1658 cura
554 1615 610 1679 spe
624 1607 825 1682 praegustare
841 1595 969 1674 futura3

186 1681 272 1746 Haec
287 1679 447 1769 gustando
463 1703 567 1758 vacas,
585 1680 751 1746 Christum
766 1681 907 1760 lacrima,
923 1704 1033 1769 prece,
1050 1684 1163 1771 placas.

186 1769 275 1833 Vivis
291 1792 330 1833 eo
346 1780 467 1854 raptus,
481 1791 597 1857 magna
612 1769 781 1835 dulcedine
797 1783 926 1856 captus:

185 1857 276 1922 Vivis
293 1870 326 1922 et
340 1856 468 1935 insistis,
485 1856 532 1921 nil
548 1869 580 1921 te
596 1857 737 1922 deflectit
753 1859 794 1923 ab
810 1858 887 1927 istis.

185 1946 272 2012 Haec
288 1956 410 2011 secreta
424 1943 488 2008 loci
502 1942 606 2010 tenuit
620 1958 801 2033 cumgente
815 1944 914 2012 feroci

188 2033 310 2100 Inferni
325 2036 486 2120 princeps,
505 2033 561 2098 sed
576 2034 686 2118 pulsus
698 2034 740 2098 ab
755 2034 832 2099 iude
846 2033 1010 2121 deinceps,

190 2124 317 2208 Expers
334 2123 370 2187 fit
387 2121 482 2199 sedis,
500 2120 552 2186 cui
568 2134 610 2200 te,
629 2120 837 2202 sanctissime,
854 2122 969 2188 credis.

190 2210 310 2277 Christi
326 2211 436 2288 lorica,
449 2209 604 2297 galeaque
620 2208 728 2275 salutis
744 2211 857 2290 amica,

189 2299 234 2362 Et
244 2296 353 2381 gladio
370 2297 459 2361 verbi
474 2298 592 2382 premis
607 2297 707 2362 hostis
723 2297 807 2363 colla
821 2296 961 2385 superbi.

191 2383 316 2448 Taliter
330 2395 480 2460 armatus,
496 2384 592 2448 struis
606 2384 660 2450 hic
674 2399 730 2451 tua
745 2403 849 2452 eastra
863 2386 1028 2473 probatus.

195 2471 249 2536 Sic
263 2470 376 2536 mundi
392 2492 483 2535 curas
499 2494 571 2536 curn
588 2473 710 2538 mundo
718 2477 787 2562 jam
803 2474 939 2540 ruituras
992 2539 993 2543 ,

192 2560 257 2625 Fac
269 2573 306 2624 ut
320 2581 381 2648 ego
397 2580 557 2646 spernam,
573 2561 669 2625 uitam
686 2563 848 2650 gustando
863 2582 1058 2650 supernam:

194 2648 258 2712 Fac
275 2647 378 2713 sitiam
397 2648 534 2713 multum
549 2648 744 2716 dominantis
760 2673 892 2717 cernere
906 2650 1043 2729 vultum,

198 2736 306 2813 Quem
322 2736 448 2803 videam
464 2737 593 2804 tandem
609 2751 736 2805 sanctos
752 2761 809 2826 per
824 2738 921 2806 saecla
934 2738 1098 2805 beantem·

209 3121 330 3210 [CAP.
347 3123 759 3278 XVII.]-Qouptpndugntppe
773 3127 944 3192 damuante
955 3147 1073 3212 uqumn

200 3469 286 3536 Fons
302 3465 343 3529 de
359 3486 439 3550 rupe
454 3464 549 3527 datus
564 3461 659 3528 fluxit
670 3462 729 3528 tibi
743 3487 877 3532 munere
890 3477 1021 3554 gratus:

193 3553 325 3623 Prosilit
339 3577 358 3618 e
373 3565 466 3637 petra
481 3551 539 3616 tibi
555 3551 768 3618 conveniente
783 3565 920 3618 metreta
934 3577 944 3630 ;

201 3644 288 3710 Hinc
303 3640 397 3721 bibis,
409 3641 484 3705 hinc
499 3640 631 3726 gaudes,
648 3642 737 3706 canis
752 3640 827 3706 hinc
842 3663 885 3707 ex
899 3655 1030 3727 pectore
1045 3643 1170 3712 laudes.

201 3731 279 3797 Plus
291 3728 384 3815 hujus
400 3742 529 3817 gustum
545 3750 640 3817 quam
656 3728 848 3794 delectabile
864 3741 1003 3795 mustum

201 3814 330 3904 Diligis,
344 3828 378 3881 et
392 3816 491 3881 mavis
506 3839 605 3903 quam
615 3817 682 3882 vini
696 3816 815 3904 pocula
828 3818 945 3885 suavis.
