2888 5018
482 463 593 512 nnors
620 462 840 511 nntnonun.
1212 447 1235 509 3
1312 509 1314 512 ,

86 648 151 688 nou
166 625 267 701 novit,
286 625 423 688 Sanctus·
440 620 607 688 Oswaldus
623 637 774 700 armatus,
789 621 926 707 praefato
939 621 1109 686 Caedwalae
1122 622 1235 687 obrius
1287 694 1289 699 ,

83 714 118 775 in
131 712 203 777 loco
215 713 269 798 qui
285 711 401 775 dicitur
418 711 644 775 Deniseburna
655 709 793 774 occurrit
806 733 815 783 ;
832 709 1049 794 traditumque
1062 707 1079 772 a
1092 709 1235 774 Domino

83 800 117 861 in
132 822 242 863 manus
257 822 328 862 suas
340 798 416 862 fidei
433 798 601 862 Cristianae
616 797 842 861 insectatorem
857 796 1121 881 credentiumque
1133 819 1236 880 popu-

83 886 220 950 latorem
243 889 275 949 in
298 908 354 949 ore
378 885 477 969 gladii
499 884 674 969 percussit:
699 896 732 949 et
756 907 821 947 non
842 885 945 947 solum
968 883 1074 947 fratris
1091 883 1235 948 AEnfridi

84 995 247 1037 successor
272 972 503 1049 Berniciorum,
521 973 577 1036 sed
592 971 682 1059 quasi
699 971 853 1035 AEdwino
876 970 1034 1035 avunculo
1054 993 1113 1034 suo
1131 971 1171 1034 ab
1187 971 1236 1033 in-

84 1073 202 1124 testato
224 1060 408 1137 succedens,
426 1082 484 1143 per
506 1082 623 1122 novem
643 1081 742 1122 annos
766 1071 934 1144 utramque
957 1057 990 1120 in
1005 1081 1100 1122 unam
1127 1056 1235 1122 Nord-

84 1148 350 1231 thanymbrorum
375 1160 507 1230 gentem
531 1146 691 1233 redigens,
717 1145 935 1210 summanum
962 1145 1114 1230 aequitate
1136 1145 1234 1209 rexit.

85 1233 233 1297 Tandem
256 1246 329 1318 post
351 1256 465 1317 regum
492 1247 721 1318 apostatarum,
752 1231 855 1296 Osrici
880 1231 1001 1295 scilicet
1023 1245 1055 1297 et
1078 1231 1233 1307 AEnfridi,

82 1333 220 1384 mortem
243 1321 353 1404 elapso
376 1319 580 1402 decennio‚?r
607 1320 718 1384 Pendrl
743 1319 939 1382 Marciorum
959 1341 1036 1405 rege
1059 1341 1185 1402 pagano
1202 1319 1234 1381 in

82 1406 154 1470 loco
170 1409 225 1493 qui
243 1407 420 1470 Maresseld
435 1407 562 1489 dicitur,
584 1407 719 1470 Sanctus
740 1404 906 1470 Oswaldus
922 1404 1094 1468 discrimini
1116 1405 1232 1490 patuit,

83 1507 115 1557 et
142 1493 242 1577 gladii
262 1493 536 1557 animadversione
551 1493 593 1556 ad
615 1492 757 1556 caelestia
771 1515 870 1575 regna
886 1493 1055 1556 translatus
1071 1505 1139 1568 est;
1163 1515 1234 1556 suc·

83 1581 243 1666 cessitque
259 1583 290 1644 ei
309 1580 341 1642 in
361 1602 496 1668 regnum
515 1580 614 1644 frater
629 1582 697 1667 ejus
716 1579 833 1643 nothus
853 1579 940 1643 Oswi
958 1579 1098 1663 juvenis,
1112 1579 1235 1643 tricesi-

83 1689 171 1730 mum
181 1668 249 1751 jam
262 1690 359 1758 agens
375 1689 503 1744 aunum,
518 1689 716 1752 regnumque
731 1679 914 1750 susceptum
929 1689 987 1750 per
999 1689 1098 1730 annos
1113 1667 1179 1731 duo
1190 1667 1232 1731 de

83 1754 217 1837 triginta
239 1754 484 1818 laboriosissime
500 1756 613 1818 tenuit.
661 1754 823 1838 Tempore
846 1767 954 1818 autern
977 1776 1042 1840 quo
1068 1754 1233 1819 Caedwala

48 1850 51 1854 ’
83 1841 249 1925 tyrannica
270 1840 361 1905 clade
382 1841 527 1918 vastavit,
549 1842 600 1904 vel
626 1841 761 1905 Sanctus
786 1841 953 1905 Oswaldus
972 1841 1060 1924 regia
1079 1841 1233 1926 aequitate

85 1944 149 1990 tam
175 1928 357 2014 Deyrornm
374 1951 469 2014 quam
498 1928 718 1992 Berniciorum
734 1941 866 2014 gentem
886 1927 1075 2004 moderavit,
1098 1928 1233 1991 Sanctus

88 2014 235 2078 Oswinus
247 2015 324 2079 exul
340 2038 450 2099 agens,
466 2015 634 2079 Cristianae
650 2013 812 2097 religionis
828 2014 983 2097 pietatem
993 2016 1120 2099 juvenis
1137 2036 1234 2077 exco-

84 2100 159 2176 luit;
175 2103 325 2187 omnique
338 2125 463 2166 morum
474 2101 641 2165 nobilitate
651 2122 824 2184 generosos
834 2099 957 2163 natales
969 2099 1106 2164 ornavit.
1154 2100 1234 2164 Erat

84 2188 168 2251 enim
195 2188 312 2252 virtute
337 2203 495 2265 strenuus,
524 2201 630 2252 mente
656 2210 767 2264 senex,
793 2188 891 2251 affatu
916 2186 1052 2265 humilis,
1078 2187 1233 2271 sapientid

83 2275 224 2338 sublimis
239 2300 246 2351 ;
271 2299 366 2361 quam
390 2275 435 2360 pii
450 2275 555 2338 cordis
572 2276 786 2338 venerabatur
809 2273 994 2338 continuata
1010 2274 1161 2339 devotio:
1185 2288 1230 2352 et,

83 2377 119 2425 nt
135 2362 261 2440 dicitur,
280 2365 395 2427 mentis
410 2362 530 2446 pariter
545 2375 579 2426 et
595 2361 736 2446 corporis
750 2361 968 2445 integritatem
989 2361 1132 2426 Domino
1147 2361 1232 2425 intus

83 2449 114 2511 in
138 2449 244 2512 animo
261 2471 457 2526 consecrans,
475 2450 611 2514 alterum
627 2473 661 2513 se
682 2449 814 2533 Joseph,
832 2463 866 2512 et
889 2449 1023 2513 decorus
1038 2462 1170 2533 aspectu
1185 2463 1230 2527 et,

82 2550 199 2612 castus
216 2537 300 2600 inter
323 2537 408 2601 cives
432 2537 606 2622 AEgyptios
629 2536 788 2600 exhibuit.
834 2537 1083 2622 Observansque
1105 2549 1232 2620 tempus

82 2646 258 2707 congruum
275 2624 431 2688 redeundi
447 2624 489 2687 ad
505 2624 650 2708 patriam,
669 2647 744 2687 ecce
760 2624 891 2687 tandem
907 2636 980 2706 post
995 2637 1103 2687 actum
1118 2623 1150 2685 in
1167 2623 1233 2686 exi·

81 2709 125 2772 lio
141 2710 342 2788 decennium,
361 2710 483 2774 audivit
499 2734 607 2798 regem
628 2711 813 2775 Oswaldum
833 2709 997 2773 demedio
1014 2711 1045 2771 in
1062 2732 1117 2773 ore
1133 2710 1232 2796 gladii

81 2798 253 2874 sublatum,
270 2799 469 2883 fratrumque
486 2799 555 2880 ejus
579 2797 666 2861 Oswi
682 2819 740 2880 pro
756 2819 796 2860 eo
808 2797 840 2858 in
856 2818 990 2878 regnum
1007 2795 1231 2861 sublimatum:

81 2883 226 2970 initoque
254 2907 326 2946 cum
353 2884 417 2946 suis
443 2883 586 2960 consilio,
613 2883 797 2967 Dcyrorum
823 2882 1020 2966 provinciam
1046 2883 1230 2962 revertitur,

81 2969 189 3056 ibique
216 2993 289 3033 cum
316 2993 441 3034 summo
468 2970 589 3033 honore
613 2972 654 3033 ab
682 2970 828 3032 omnibus
856 2969 1044 3053 suscipitur:
1069 2993 1231 3056 parvoque

81 3058 234 3141 temporis
252 3057 431 3134 intervallo,
449 3056 607 3141 principes
629 3057 845 3157 primatesque
861 3057 951 3142 regni
974 3057 1057 3122 illius
1073 3081 1233 3124 convene-

81 3157 157 3208 runt
184 3145 216 3208 in
244 3160 352 3223 unum,
379 3144 677 3232 communicatoque
705 3145 896 3213 unammiter
922 3145 1064 3222 consilio,
1092 3145 1230 3211 Beatum

85 3231 248 3296 Oswinum
270 3232 467 3298 haereditarii
484 3231 565 3316 juris
588 3231 787 3296 successione
808 3233 991 3318 Deyrorum
1015 3232 1182 3297 domiuum
1197 3235 1230 3298 in
1261 3277 1265 3284 ·

80 3341 189 3402 regem
220 3320 436 3397 sublimantes,
468 3320 558 3402 regia
588 3321 727 3403 purpura
756 3333 962 3384 ornaverunt.
1012 3320 1089 3384 Erat
1120 3334 1230 3386 autem

83 3407 218 3470 Sanctus
243 3407 400 3483 Oswinus,
418 3420 454 3470 ut
477 3406 577 3470 refert
596 3407 797 3471 Venerabilis
823 3407 925 3470 Baeda
947 3407 1114 3490 presbiter,
1132 3422 1164 3472 et
1180 3432 1229 3472 as·

79 3508 174 3576 pectu
192 3509 356 3571 venustus,
374 3508 407 3557 et
423 3495 544 3558 statura
560 3493 712 3571 sublimis,
730 3507 762 3558 et
778 3495 876 3558 affatu
895 3494 1066 3579 jocundus,
1084 3509 1116 3559 et
1132 3497 1229 3560 mori-

78 3580 138 3643 bus
161 3580 272 3657 civilis,
291 3594 324 3644 et
339 3603 435 3644 manu
456 3580 603 3644 omnibus
623 3581 783 3645 nobilibus
803 3581 897 3644 simul
917 3595 1013 3666 atque
1033 3582 1226 3666 ignobilibus

78 3667 195 3751 largus.
238 3668 317 3732 Erat
326 3668 411 3731 enirn
427 3667 585 3751 piissimus
601 3680 634 3732 et
644 3671 730 3731 omni
742 3668 900 3732 suavitate
913 3671 1113 3753 conspicuus,
1128 3683 1225 3756 atque

77 3753 123 3818 ita
137 3754 221 3818 inter
236 3755 350 3819 divites
366 3768 398 3819 et
413 3777 571 3840 pauperes
583 3755 717 3832 medius,
736 3768 771 3819 ut
788 3778 942 3840 pauperes
959 3756 1046 3822 illum
1063 3759 1154 3842 quasi
1169 3781 1226 3842 pa-

78 3863 146 3904 rem
161 3842 361 3926 aspicerent3
378 3841 493 3905 divites
510 3864 587 3906 vero
602 3841 692 3927 quasi
709 3843 905 3927 superiorem
925 3843 984 3906 sibi
1000 3843 1133 3908 divitem
1148 3846 1225 3908 esti·

78 3943 212 3992 marent.
260 3931 405 4014 Corpore
432 3929 568 4014 integer,
596 3929 725 4013 ingenio
748 3930 898 4014 optimuS,
921 3930 1052 3994 consilio
1075 3953 1221 4013 magnus,

78 4037 176 4098 opere
204 4030 342 4080 sanctus
391 4016 489 4082 Unde
512 4016 658 4100 contigit,
675 4029 711 4080 ut
730 4019 772 4081 ob
791 4018 910 4101 regiam
932 4019 1000 4102 ejus
1020 4033 1052 4081 et
1072 4017 1168 4080 animi
1188 4033 1222 4082 et

77 4102 184 4165 cultris
205 4102 455 4189 meritorumque
471 4103 659 4186 dignitatem
674 4105 715 4167 ab
738 4104 883 4170 omnibus
899 4104 1096 4189 diligeretur,
1114 4116 1148 4166 et
1164 4126 1222 4167 un-

77 4188 174 4274 dique
190 4189 231 4252 ad
247 4191 315 4274 ejus
330 4191 539 4261 ministerium
555 4191 596 4254 de
619 4190 798 4277 longinquis
814 4214 941 4278 quoque
963 4189 1143 4275 provinciis,
1163 4191 1221 4257 viri

76 4275 174 4340 etiam
202 4276 386 4339 nobilissimi
412 4293 660 4342 concurrerent:
691 4301 888 4365 summaeque
915 4280 1019 4342 cultor
1045 4276 1219 4360 religionis,

75 4362 248 4447 provinciae
272 4362 456 4448 Deyrorum
479 4382 602 4450 septem
625 4365 713 4430 annis
736 4364 768 4429 in
790 4366 931 4432 maxima
950 4386 1057 4429 rerum
1080 4365 1221 4436 omnium

76 4449 248 4527 affluentia,
265 4463 299 4514 et
314 4449 386 4535 ipse
396 4452 538 4517 amabilis
554 4451 703 4600 omnib2us
724 4452 866 4536 praefuit.
912 4450 983 4516 Nec
998 4473 1105 4522 rerum
1121 4462 1222 4520 terre&

617 4560 638 4601 a
