2888 5018
307 1420 446 1496 VITA
480 1421 695 1497 SANCTI
727 1423 1078 1512 CUTHBERTI.

302 1888 420 1970 [CAP.
446 1888 651 1965 LJ-Orauo
672 1893 885 1958 adsumtum
909 1895 1113 1965 Qunam.

244 2115 277 2180 Ο
290 2115 388 2180 Pater
403 2115 597 2204 Anglorum,
614 2114 744 2179 Patrum
761 2139 821 2202 par
837 2119 1082 2207 Angelicorum,

245 2201 310 2281 Tu,
329 2203 510 2269 Cuthberte
526 2225 625 2280 sacer,
640 2203 750 2288 pronis
766 2206 838 2290 pius
847 2207 994 2273 hostibus
1007 2232 1080 2274 acer
1093 2211 1101 2277 l

246 2289 295 2356 Te
310 2291 388 2354 mihi
405 2289 541 2376 suspiro,
558 2304 590 2355 te
606 2313 672 2375 spe,
686 2315 792 2377 prece,
805 2308 922 2373 mente,
939 2298 1080 2384 requiro.

248 2377 403 2444 Novimus
415 2380 496 2445 alter
511 2379 580 2457 erit,
598 2392 653 2443 tua
668 2379 722 2466 qui
738 2381 888 2466 suffragia
903 2387 1030 2470 quaerit,

246 2465 364 2532 Tristis
376 2467 515 2544 laetatur,
532 2468 613 2530 flens
629 2466 722 2546 ridet,
739 2493 900 2558 egensque
916 2473 1052 2549 beatur3

246 2552 342 2620 Nunc
356 2555 466 2620 hilaris
482 2568 609 2632 moesto,
627 2557 744 2621 misero
761 2559 930 2623 miserator
945 2561 1067 2626 adesto.

248 2642 325 2708 Sum
341 2657 475 2709 moestus
490 2643 608 2728 plane3
633 2645 719 2730 quod
736 2646 815 2724 vixi,
832 2646 915 2734 fugit
924 2648 1031 2712 inane.

246 2729 343 2822 Fugit
357 2733 444 2796 enim
456 2730 536 2808 dixi,
552 2730 618 2796 vita
632 2732 679 2795 nil
695 2732 771 2798 utile
786 2733 854 2796 fixi.

247 2819 412 2894 Quantum
427 2818 576 2905 peccavi!
602 2821 683 2884 flens
699 2819 841 2898 crimina,
858 2834 931 2904 post
947 2819 1069 2885 iteravi.

248 2907 331 2982 Quae
345 2909 443 2984 bona,
460 2929 533 2993 quae
548 2907 638 2993 liqui,
656 2908 702 2971 nil
717 2909 894 2972 detestatus
910 2906 1035 2993 iniqui?

245 2995 276 3059 Ο
292 3018 343 3061 me
358 2994 565 3082 peccantem!
593 2995 697 3080 sprevi
712 2997 878 3081 peccando
894 3007 1081 3060 tonantem:

244 3083 352 3159 Quem
365 3084 514 3171 quotiens
530 3082 655 3168 sprevi;
679 3107 729 3147 me
747 3085 788 3147 de
804 3084 891 3146 caelis
907 3083 1044 3148 abolevi.

244 3173 372 3238 Exosus
384 3173 478 3248 coelo,
496 3184 602 3248 terrae,
619 3193 676 3234 cur
688 3171 777 3235 vivus
793 3171 936 3237 anhelo?

243 3261 447 3346 Postponens
466 3259 649 3334 Christum3
673 3259 777 3346 delegi
790 3261 902 3323 mortis
919 3260 1079 3344 abyssum.

243 3349 283 3413 ln
298 3347 419 3413 baratri
431 3347 566 3410 fundum
584 3348 705 3430 mergit.
715 3348 817 3412 scelus
830 3369 927 3410 omne
943 3345 1153 3430 profundum.

244 3436 377 3500 Horreo
392 3447 592 3522 peccantem,
609 3459 660 3497 me
676 3435 749 3498 dico
766 3448 854 3499 tanta
868 3447 1061 3520 patrantem.

242 3524 319 3589 Non
336 3523 405 3588 fero
421 3546 472 3586 me
488 3522 595 3600 talem,
613 3545 664 3584 me
680 3523 880 3607 conspiciens
895 3520 1076 3588 animalem.

245 3612 350 3675 Fonte
364 3611 428 3674 Dei
443 3611 528 3674 lotus
543 3610 724 3673 renovabor
734 3623 765 3673 et
782 3610 923 3693 unguine
938 3609 1035 3686 fotus,

244 3698 438 3784 Splendidus
454 3697 555 3773 exivi3
580 3696 636 3760 sed
653 3719 729 3760 mox
741 3698 851 3760 sordes
867 3697 1012 3781 repetivi.

243 3789 303 3851 Vae
319 3786 434 3852 michi!
453 3785 603 3872 peccavi3
626 3785 736 3868 culpas
752 3785 854 3870 culpis
870 3783 1051 3849 cumulavi!

245 3876 306 3939 Vae
321 3873 435 3939 michi!
462 3896 527 3960 quo
542 3874 683 3936 vadam?
707 3895 809 3936 novus
825 3873 858 3935 in
874 3896 925 3936 me
942 3872 1063 3936 decidit
1079 3870 1197 3935 Adam.

242 3964 413 4052 Ingemino
428 3964 495 4028 vael
521 3961 587 4026 vae!
611 3974 722 4045 repeto
735 3960 802 4025 vae!
829 3961 915 4027 filius
935 3961 1014 4026 Evae
1026 3960 1034 4024 l

244 4051 319 4115 Non
335 4053 439 4116 tolero
455 4063 583 4126 memet,
600 4072 661 4112 nec
676 4071 808 4134 possum
820 4049 964 4136 linquere
980 4058 1110 4113 memet.

244 4139 298 4204 Tu
313 4140 402 4205 locus
418 4139 538 4227 eii'ugii,
555 4150 659 4222 pater,
677 4159 720 4214 es,
734 4136 866 4223 patiaris
882 4139 974 4203 adiri.

244 4227 323 4293 Huc
334 4251 367 4292 m
410 4227 435 4291 is
450 4228 518 4312 ipse
533 4226 599 4291 cito
614 4224 721 4289 miseri
737 4225 919 4292 miserendo
935 4225 1066 4298 venit03

244 4252 613 4404 Respicilanguentem,
630 4312 753 4400 peccati
769 4328 874 4381 morte
889 4326 1071 4400 paventem.

246 4403 359 4477 Exora
372 4405 495 4481 Jesum‚
511 4403 590 4469 velit
604 4415 641 4468 ut
654 4425 707 4468 me
722 4401 825 4469 visere
837 4402 950 4467 laeuum
963 4424 971 4463 z
