2888 5018
529 384 667 437 sanem
694 382 929 436 cnrnnnnrr.
1248 353 1297 428 65

146 553 315 625 Lainestri
337 564 415 618 tunc
437 552 592 636 temporis
615 550 794 628 dicebatur,
811 547 918 649 multis
941 541 1080 633 gloriose
1096 540 1210 607 diebus
1225 562 1298 644 reg·

145 642 373 801 qpaerpqqpiu
397 639 486 728 quod
501 652 535 705 et
551 638 674 706 Christi
689 637 807 704 cotidie
822 634 985 722 operibus,
1002 644 1157 720 quantum
1179 642 1296 718 potuit,

624 1042 742 1121 [CAP.
759 1041 827 1120 IL]

197 1263 274 1333 Rex
285 1265 385 1350 igitur
399 1266 489 1345 alter,
504 1265 559 1352 qui
575 1264 606 1329 in
622 1267 773 1352 proximo
785 1263 873 1328 aliud
885 1286 1021 1351 regnum
1037 1267 1070 1327 in
1081 1264 1157 1348 ipsis
1172 1262 1303 1350 Hybet-

151 1358 216 1421 niae
240 1355 388 1441 partibus
413 1355 527 1432 tenuit,
554 1353 638 1417 illius
662 1353 823 1417 felicitatis
847 1351 973 1437 gloriae,
990 1365 1123 1416 auctore
1145 1352 1303 1437 nequiciae

152 1444 349 1519 stimulante,
363 1442 496 1517 invidit3
513 1455 555 1519 et,
569 1442 656 1527 quod
669 1440 798 1504 invidiae
815 1455 901 1503 sator
911 1463 968 1504 sua
978 1440 1150 1525 prudentia
1159 1437 1305 1524 nequivit

152 1531 292 1607 efficere,
316 1529 380 1594 hoc
402 1530 622 1594 membrorum
651 1551 781 1592 suorum
805 1527 985 1612 impudenti
1009 1527 1155 1614 nequicia
1182 1524 1305 1591 studuit

152 1617 330 1703 adimplere
346 1639 356 1692 ;
379 1631 412 1682 et
434 1616 489 1705 qui
505 1631 626 1681 eternae
649 1617 765 1703 quietis
781 1628 900 1679 statum
910 1617 979 1701 jam
995 1616 1050 1679 diu
1069 1613 1216 1680 ⁴deseruit
1229 1612 1305 1687 reh'·

176 1706 236 1772 'osi
260 1706 348 1795 regis
374 1728 488 1791 pacem
516 1705 646 1768 turbare
672 1727 746 1767 cum
772 1702 900 1769 funesto
925 1728 984 1768 suo
1000 1703 1138 1768 satellite
1153 1700 1305 1769 decrevit.
1400 1772 1404 1779 ,
1434 1720 1438 1727 “

152 1730 258 1860 iinde
282 1815 351 1869 rex,
380 1795 434 1880 qui
460 1794 492 1856 in
518 1792 699 1870 Connathe,
723 1792 809 1878 quod
826 1795 973 1857 cominus
1001 1805 1081 1870 erat,
1107 1807 1183 1857 tnnc
1207 1810 1307 1879 regna
1340 1816 1343 1823 ·
1378 1815 1391 1877 j

153 1880 359 1968 disponebat,
377 1881 454 1962 dolo
478 1893 511 1944 et
531 1881 661 1944 astuciis
677 1878 901 1965 ipsius:regna
924 1879 1072 1944 infestare
1098 1878 1306 1964 properabat.

156 1969 375 2035 insidiabatur
398 1981 434 2032 ut
458 1969 520 2045 leo,
537 1969 697 2032 occultam
712 1967 899 2031 machinans
914 1968 1128 2053 iniquitatem,
1143 1979 1180 2031 ut
1197 1956 1307 2031 Chris-
1341 2010 1344 2017 -
1374 2012 1382 2031 .
1433 2008 1437 2015 -

153 2059 277 2123 tianum
293 2055 419 2140 Regem
428 2056 580 2139 perderet
595 2057 809 2123 innocentem.
858 2055 938 2119 Erat
949 2055 1099 2117 nimirum
1115 2055 1197 2118 adeo
1212 2052 1306 2119 ferox
1333 2064 1347 2083 “
1403 2134 1407 2141 .

154 2158 187 2210 et
207 2144 345 2230 rigidus,
370 2143 459 2229 quod
486 2144 636 2214 omnibus
667 2144 732 2206 suis
756 2153 825 2206 erat
849 2141 959 2207 vicinis
982 2143 1102 2207 infidus
1119 2156 1150 2207 et
1166 2124 1307 2221 odiosui,

154 2233 310 2333 stultique
348 2253 441 2294 ausus
479 2231 714 2316 impudentiam
758 2230 879 2315 iniquae
916 2229 1135 2316 perversitatis
1173 2230 1308 2295 armavit

154 2342 302 2395 saevrcra3
328 2319 413 2382 unde
435 2341 539 2405 neque
563 2318 637 2382 Deo
660 2340 720 2381 nec
743 2317 865 2380 homini
885 2317 1033 2384 exhibuit
1049 2319 1080 2383 in
1096 2319 1204 2406 aliquo
1217 2318 1314 2383 rev&
1369 2318 1375 2337 ²
1415 2348 1421 2359 ·

155 2407 306 2475 rentiam.
356 2406 565 2494 Congregans
586 2429 664 2490 ergo
687 2429 753 2470 suae
776 2421 907 2472 cunctos
922 2407 1140 2493 perversitatis
1156 2404 1309 2473 satellite!
1332 2480 1335 2485 ,
1408 2420 1427 2477 ,’

157 2508 191 2561 et
202 2493 452 2570 commilitones,
467 2509 499 2558 et
512 2517 720 2581 quoscunque
730 2507 857 2578 poterat
866 2518 1042 2560 convocare
1053 2496 1104 2560 vel
1116 2495 1308 2575 condecere,
1368 2486 1394 2511 '⁸

150 2582 298 2669 juniores
314 2604 370 2646 seu
386 2581 537 2660 seniores,
555 2583 596 2646 de
611 2597 706 2646 nocte
722 2605 796 2646 cnm
810 2583 925 2666 gladiis
941 2596 974 2648 et
985 2582 1122 2647 fustibus
1139 2582 1259 2657 exivit3
1275 2594 1309 2647 et

157 2693 254 2759 quem
280 2668 444 2754 vigilando
470 2692 536 2734 non
561 2682 699 2756 poterat,
726 2671 784 2733 sub
810 2684 971 2735 nocturno
990 2693 1105 2755 sopore
1122 2669 1309 2733 suffocando

157 2758 349 2843 extinguere
374 2755 565 2834 festinabat;
593 2772 636 2836 et,
663 2780 759 2844 quem
775 2757 853 2821 belli
868 2758 1037 2821 manifesto
1053 2754 1311 2838 discriminessas-

158 2846 274 2913 cessire
290 2845 343 2910 vel
353 2843 507 2930 impetere
518 2868 586 2909 non
598 2846 811 2931 praesumpsit,
823 2845 984 2908 sedicione
996 2842 1131 2907 subdola
1141 2855 1173 2906 et
1185 2840 1311 2905 occulta

159 2936 333 3019 deturpare
358 2934 410 2998 vel
437 2933 636 2998 confundere
663 2932 839 3016 satagebat.
886 2933 939 2996 De
964 2931 1094 2995 civitate
1113 2931 1221 3018 igitur,
1239 2951 1312 3016 quae

163 3023 335 3089 Connathe
366 3020 492 3099 dicitur,
521 3020 685 3086 nocturnis
701 3021 759 3083 sub
784 3019 905 3082 insidiis
932 3019 1157 3105 proficiscitur,
1187 3032 1223 3081 ut
1253 3018 1312 3081 sub

161 3109 276 3199 quietis
300 3109 427 3174 silentio
443 3132 500 3173 rex
516 3109 669 3195 pacificus
686 3107 896 3172 occideretur.
943 3108 1058 3194 Itaque
1075 3130 1184 3192 regem
1204 3105 1314 3171 Chris-

166 3202 288 3264 tianum
313 3196 527 3262 dormientem
551 3198 697 3262 clanculo
721 3195 892 3272 interemit,
910 3207 943 3259 et
959 3219 1064 3282 neque
1081 3196 1121 3259 de
1138 3191 1314 3279 ejusbfami-

162 3285 232 3351 liari
255 3285 399 3350 exercitu
424 3309 616 3372 quemquam
640 3285 843 3370 superstitem
859 3283 1049 3369 dereliquit3
1066 3303 1264 3368 uxoremque
1283 3293 1315 3345 et

162 3375 246 3438 filios
253 3373 369 3462 jugulo
386 3374 573 3450 suffocabat,
591 3385 624 3437 et
640 3374 681 3437 de
698 3393 764 3437 tarn
779 3394 936 3456 generosa
954 3371 1053 3458 Regis
1069 3370 1178 3434 sobole
1194 3367 1314 3435 nemini

162 3483 294 3563 parcere
310 3461 455 3526 voluerat
470 3461 530 3525 nisi
544 3461 696 3548 puellulae
712 3460 901 3536 tenerrimae,
919 3461 970 3524 cui
985 3481 1053 3543 prae
1067 3457 1191 3544 pudore
1202 3479 1315 3523 manus

163 3551 294 3635 rnjicere
316 3549 535 3614 erubescebat.
578 3547 685 3612 Nichil
709 3571 786 3636 ergo
808 3546 937 3633 penitus
954 3547 995 3609 de
1012 3547 1153 3611 humano
1170 3545 1313 3631 germine

164 3637 263 3702 vitam
289 3635 409 3702 ducens
434 3634 660 3724 dereliquerat,
685 3635 746 3700 nisi
773 3636 873 3698 solam
898 3647 1024 3697 tanturn
1049 3634 1232 3718 puellulam,
1250 3633 1311 3710 cui,

165 3725 234 3792 solo
256 3724 381 3812 pudore
405 3723 612 3811 prohibente,
630 3722 793 3810 parcendo
805 3723 905 3786 vitam
921 3719 1107 3793 indulserat.
