2888 5018
226 449 230 458 .
254 382 302 457 36
680 408 781 458 rvrrn
806 409 945 460 oswnvr

256 552 438 658 praesidium
454 571 608 660 confugit,
625 583 659 637 et
680 571 819 637 loculum
833 572 901 658 ejus
917 572 1062 637 devotius
1077 574 1274 655 deosculans,
1291 590 1324 641 et
1347 578 1387 643 ad

257 660 396 724 faucium
411 671 569 724 tumorem
584 660 810 744 constringens,
827 660 992 725 instantius
1007 684 1065 746 pro
1081 663 1214 730 sanitate
1237 665 1295 728 sub
1317 689 1389 752 sup·

178 772 185 791 =
258 747 398 833 plicavit,
412 760 445 812 et
454 747 661 812 incontinenti
676 770 735 833 pro
746 764 823 812 voto
835 748 984 833 optinuit.
998 749 1101 814 Dolor
1112 751 1228 837 quippe
1244 752 1388 818 dentium

258 836 300 900 ad
314 835 456 902 osculum
470 835 565 900 loculi
587 835 693 900 statim
716 835 838 921 effugit,
855 849 888 901 et
909 837 1048 902 faucium
1063 852 1168 903 tumor
1183 840 1224 904 ad
1239 843 1308 927 ejus
1324 855 1389 906 tac·

259 936 328 988 turn
342 922 460 988 resedit
469 949 480 1000 5
503 922 717 1012 fratribusque
733 936 799 988 tam
821 924 916 988 citam
931 925 1137 990 valitudinem
1153 928 1257 992 vultfrs
1272 929 1389 1016 hylari·

257 1024 324 1076 tate
346 1011 465 1097 pariter
486 1027 519 1075 et
541 1011 679 1076 faucium
701 1012 834 1095 exploso
856 1024 981 1077 tumore
1004 1013 1152 1092 innotuit,
1170 1029 1203 1079 et
1226 1016 1258 1078 in
1282 1017 1389 1082 Sancti

257 1099 411 1186 Martyris
425 1100 552 1165 laudern
564 1112 598 1165 et
612 1121 752 1165 amorem
769 1099 1032 1166 ferventissimum
1044 1125 1155 1168 omnes
1171 1104 1328 1170 accendit.

256 1368 355 1435 CAP.
377 1366 682 1444 XXIL-Qaalitcr
702 1367 747 1428 ad
763 1374 930 1448 contactum
944 1368 1060 1448 lapidis
1076 1372 1131 1451 qui
1144 1370 1273 1432 beblum
1290 1375 1390 1435 saaca

251 1462 253 1468 ‘
341 1457 478 1536 corporis
492 1457 646 1532 sustinent,
663 1454 837 1518 Rueleadas
849 1459 941 1536 prior
954 1457 994 1519 ab
1009 1455 1187 1538 infirmitate
1200 1458 1311 1521 manta
1327 1479 1389 1522 ntra

340 1565 373 1607 se
387 1544 545 1606 liberatum
559 1545 693 1606 senserit.

302 1716 420 1782 Relatu
445 1716 578 1782 fratrum
603 1714 823 1800 religiosorum
852 1715 906 1803 qui
929 1715 1152 1796 interfuerunt,
1176 1715 1272 1782 didici
1303 1723 1389 1807 quod

256 1806 372 1874 refero.
419 1807 458 1871 In
480 1802 671 1869 monasterio
691 1803 799 1866 Sancti
818 1803 937 1868 Oswini
962 1804 1061 1889 Regis
1083 1821 1117 1870 et
1141 1805 1303 1892 Martyris,
1320 1820 1388 1872 erat

256 1894 385 1983 quidam
417 1893 509 1960 Prior
537 1890 665 1957 nomine
696 1891 891 1969 Ruelendus,
916 1914 1044 1956 manum
1070 1894 1160 1979 cujus
1183 1893 1386 1960 intolerabilis

255 1993 466 2069 occupaverat
495 1981 670 2044 infirmitas.
704 1990 707 1999 '
737 1978 819 2053 Quae
851 1981 1015 2044 infirmitas
1052 2004 1109 2066 per
1145 1981 1212 2045 dies
1250 1983 1386 2072 singulos

256 2093 410 2149 crescens,
434 2091 561 2134 omnem
582 2064 693 2131 manirs
715 2066 797 2130 illius
819 2091 911 2132 usum
925 2083 1118 2156 negaverat3
1141 2069 1310 2158 nervisque
1324 2083 1389 2135 stu-

216 2198 217 2201 =
257 2159 404 2246 pentibus
435 2170 468 2222 et
496 2155 701 2220 articulorum
729 2155 869 2221 officium
897 2157 1096 2244 negantibus,
1118 2155 1221 2221 virum
1244 2158 1262 2223 i
1285 2158 1388 2223 missae

255 2245 469 2312 celebratione
485 2243 540 2307 diu
552 2243 772 2327 suspenderat.
799 2242 980 2309 Condolens
994 2244 1102 2332 itaque
1115 2244 1175 2308 sibi
1190 2246 1277 2333 quod
1292 2247 1390 2310 devo-

256 2336 344 2400 tione
359 2333 452 2398 solita
472 2332 677 2396 frustraretur
699 2331 858 2431 languoris
881 2334 1055 2412 occasione,
1072 2332 1114 2397 ad
1136 2333 1262 2398 thecam
1280 2333 1389 2398 Sancti

257 2421 410 2509 Martyris
439 2419 589 2497 accessit3
616 2432 649 2482 et
679 2431 855 2483 orationem
879 2419 1046 2485 instantius
1075 2420 1220 2500 fundens
1251 2421 1390 2506 lapidem

255 2512 420 2597 amplexus
443 2521 492 2572 est
513 2506 564 2572 cui
591 2507 685 2571 theca
703 2507 771 2591 ejus
797 2508 995 2594 superposita
1016 2522 1106 2586 erat3
1129 2521 1164 2573 et
1178 2509 1330 2574 continuo
1345 2510 1388 2574 ita

257 2600 426 2664 subsecuta
441 2611 489 2662 est
505 2596 631 2673 sanitas,
644 2608 678 2658 ut
693 2618 755 2658 non
767 2595 851 2680 prius
867 2597 953 2661 idem
964 2620 1091 2660 manum
1100 2611 1275 2674 amoveret,
1288 2598 1389 2662 donec

257 2688 300 2753 ad
321 2687 450 2771 plenum
471 2707 530 2771 per
551 2683 665 2749 merita
685 2683 813 2768 gloriosi
834 2684 986 2771 Martyris
1009 2684 1148 2770 pristinae
1169 2684 1391 2750 restitueretur

257 2773 394 2840 sanitati.

259 3040 358 3109 CAP.
375 3039 545 3104 XXIIL-
554 3040 605 3102 De
627 3042 708 3120 ionis
729 3040 899 3102 materialis
919 3042 1105 3115 extinctione,
1127 3047 1157 3102 ct
1172 3040 1208 3103 de
1221 3039 1332 3121 fratre
1353 3041 1390 3104 ab

552 3129 652 3191 eodem
667 3129 804 3191 incardio
812 3146 873 3208 per
885 3148 951 3189 eum
965 3128 1100 3190 ἰὶὀεναιο.

304 3305 403 3391 Cujus
419 3301 475 3365 viri
491 3313 634 3387 tempore
653 3299 822 3378 Ruelendi,
839 3299 971 3384 contigit
995 3301 1124 3365 domurn
1143 3301 1302 3387 quandam
1318 3303 1389 3390 igne

259 3391 407 3460 succendi
421 3405 453 3454 et
467 3390 500 3466 in
514 3390 652 3454 favillam
666 3387 779 3471 redigi,
796 3410 868 3473 quae
884 3388 1131 3454 domesticorum
1144 3389 1306 3475 hospitum
1321 3390 1389 3454 usui

259 3479 449 3556 deserviens,
473 3478 504 3542 in
527 3479 599 3543 loco
621 3474 783 3542 secretiori
806 3474 877 3554 sita,
893 3476 1027 3541 fratrum
1048 3477 1218 3542 refectorio
1243 3477 1390 3563 proxima

258 3581 337 3646 erat,
354 3579 386 3632 et
401 3568 587 3631 dormitorio
603 3564 761 3648 contigua.
810 3563 973 3651 Erantque
996 3565 1115 3651 pariter
1129 3577 1163 3630 et
1178 3565 1290 3630 domus
1309 3589 1391 3651 prae-

257 3657 333 3734 fata,
365 3669 398 3721 et
421 3654 652 3730 dormitorium,
680 3650 795 3735 stipulis
815 3671 977 3738 cooperta.
1025 3653 1167 3739 Eratque
1189 3667 1302 3718 ventus
1325 3676 1390 3717 non

256 3744 398 3814 modicus
423 3743 537 3830 partim
567 3742 608 3810 ab
637 3738 803 3805 occidente
828 3741 969 3820 veniens,
1001 3754 1034 3805 et
1063 3741 1176 3805 domus
1206 3741 1318 3806 ardeus
1349 3741 1391 3806 ad

257 3846 399 3898 austrum
410 3832 522 3918 posita,
539 3829 678 3893 habebat
700 3826 742 3891 ad
757 3827 937 3914 aquilonem
950 3829 1003 3894 vix
1019 3829 1143 3894 duobus
1158 3829 1299 3915 passibus
1315 3829 1335 3894 a
1356 3853 1389 3894 se

257 3921 374 3986 distans
397 3917 600 3985 refectorium
622 3929 656 3979 et
678 3929 781 3979 toturn
804 3939 917 4001 corpu-s
943 3917 1150 3995 monasterii3
1173 3918 1215 3982 ad
1237 3917 1390 3984 orientem

257 4032 333 4075 vero
348 4005 578 4082 dormitorium,
595 4003 646 4068 cui
669 4016 705 4067 ut
728 4003 923 4081 dictumest,
940 4017 1057 4069 eratet
1076 4005 1147 4069 loco
1170 4006 1333 4107 contigua,
1358 4020 1390 4071 et

256 4097 371 4183 stipula
385 4094 462 4161 tecti
476 4091 643 4156 simillima.
690 4091 768 4156 Nox
790 4105 869 4170 erat,
887 4105 919 4156 et
940 4092 1053 4157 fratres
1071 4096 1139 4180 jam
1161 4106 1390 4158 matutinorum

256 4185 359 4265 officia
380 4180 604 4268 persolverant,
621 4193 654 4243 et
676 4179 829 4264 pausandi
851 4179 953 4264 gratia
966 4181 1008 4245 ad
1023 4193 1123 4246 strata
1137 4205 1194 4246 sua
1207 4182 1389 4259 redierant;

256 4294 400 4359 unusque
411 4270 544 4333 fratrum
559 4266 708 4332 secretius
720 4267 877 4353 ingressus
893 4268 1123 4348 dormitorium,
1135 4282 1169 4334 et
1183 4270 1272 4334 fumo
1287 4271 1390 4356 reple·

256 4375 326 4425 tum
340 4356 508 4434 admirans,
526 4355 687 4441 prospexit
701 4379 759 4441 per
781 4355 952 4420 fenestram
966 4381 975 4433 3
998 4357 1190 4445 domumque
1206 4358 1390 4444 contiguam

255 4468 420 4513 accensam
438 4468 508 4510 asse
533 4443 697 4530 comperit,
725 4443 935 4532 fratribusque
960 4445 1145 4511 festinanter
1174 4457 1252 4510 nutu
1284 4449 1389 4532 potius
