2888 5018
500 413 639 465 saucm
657 415 894 468 curuantur
1250 400 1298 468 85

143 577 313 664 quondam
330 575 413 640 illius
429 578 601 641 mansionis
624 579 855 643 sanctificatum
876 581 1003 660 honori,
1020 604 1040 644 a
1053 580 1169 645 nostris
1185 602 1301 668 proge-

144 664 307 729 nitoribus
323 666 423 729 atavis
435 666 618 752 frequenter
629 666 820 744 audivimus,
833 683 864 732 et
878 691 939 753 pro
948 668 1038 732 istius
1054 667 1219 733 sanctitate
1231 691 1301 734 cre-

146 754 208 817 bra
223 751 296 814 istic'
315 753 400 816 sacta
428 753 524 817 fuisse
552 755 707 818 miracula
730 756 846 838 saepius
869 757 1091 840 experimento
1121 754 1300 820 didicimus.

149 839 337 905 Sicutenim
352 853 477 924 patrum
489 841 660 905 traditione
676 844 901 926 comperimus,
915 844 993 907 olim
1009 845 1041 907 in
1057 844 1118 909 hac
1132 865 1301 908 nemorum

147 927 322 992 solitudine
337 941 427 991 tanta
441 928 593 1014 luporum
610 929 783 994 multitudo
807 944 839 994 et
863 954 948 995 saeva
963 932 1116 1017 ingluviei
1140 932 1300 1016 rapacitas

147 1015 269 1093 extitit,
295 1016 383 1102 quod
399 1015 496 1079 nichil
513 1016 686 1081 viventium
702 1017 869 1081 hominum
894 1041 931 1083 ve
955 1019 1094 1084 ferarum
1109 1019 1302 1104 perdurasse

147 1103 302 1189 potuerit.
354 1102 458 1167 Omne
474 1127 551 1168 vero
573 1107 660 1190 quod
684 1104 779 1190 hujus
809 1121 899 1191 septa
923 1106 1157 1184 concluserant,
1184 1107 1301 1173 nullius

149 1191 307 1255 molestiae
322 1190 436 1276 rapina
450 1191 584 1278 fatigare
599 1208 847 1278 praesumpserat
860 1219 869 1270 ;
895 1217 1000 1281 neque
1016 1216 1158 1279 unquam
1173 1195 1300 1278 praedo-

150 1301 219 1356 nes,
243 1279 340 1354 fureS,
357 1279 406 1342 vel
423 1278 553 1343 alterius
569 1279 776 1368 malignitatis
788 1281 925 1346 cultores
941 1284 1028 1346 intra
1042 1282 1137 1368 hujus
1147 1283 1300 1346 territorii

151 1379 243 1450 septa
251 1366 470 1451 praevalabant
486 1367 625 1453 aliquem
643 1369 810 1452 attingere.
835 1369 934 1434 Unde
950 1392 1016 1432 non
1034 1383 1098 1433 tam
1109 1367 1300 1434 animalibus

150 1476 247 1541 quam
263 1453 446 1518 hominibus
462 1455 551 1519 locus
568 1455 628 1518 iste
644 1456 832 1545 suffragium
845 1470 877 1520 et
891 1456 1047 1520 auxilium
1063 1469 1121 1535 est,
1133 1457 1190 1520 sed
1203 1456 1299 1521 etiam

150 1543 275 1606 cunctis
297 1542 486 1606 mortalibus
514 1542 674 1629 refugium
702 1558 733 1607 et
761 1544 928 1628 protectio.
976 1544 1139 1629 Tempore
1163 1566 1300 1631 namque

151 1629 270 1713 lupinae
286 1629 420 1694 feritatis
436 1631 555 1716 quique
583 1632 866 1714 comprovinciales
883 1655 941 1696 sua
955 1633 1082 1718 peculia
1097 1632 1181 1696 infra
1204 1631 1299 1717 hujus

149 1717 212 1781 loci
229 1718 366 1781 ambitus
383 1716 629 1801 compellebant,
654 1731 686 1781 et
712 1721 860 1783 omnibus
883 1720 957 1783 feris
974 1720 1149 1785 immitibus
1165 1721 1301 1784 circum·

150 1828 278 1892 quaque
290 1828 329 1868 ea
345 1804 571 1870 insidiantibus
587 1829 753 1892 nunquam
769 1809 921 1892 praeiixas
934 1831 1019 1872 areae
1035 1807 1150 1872 limites
1166 1820 1300 1893 praeter·

150 1893 243 1981 gredi
266 1894 515 1978 praesumebant.
564 1894 711 1968 Sibilare,
729 1894 889 1973 frendere,
907 1908 939 1957 et
962 1895 1070 1983 rugire
1094 1896 1247 1959 adversus
1263 1919 1302 1959 ea

151 1994 313 2065 poterant,
331 1981 386 2045 sed
403 1982 561 2045 excedere
578 1982 645 2066 ejus
661 1983 740 2045 fines
756 1985 883 2067 penitus
915 2005 978 2046 non
994 1983 1176 2049 valebant.''
1225 1983 1299 2046 Hiis

150 2068 254 2147 dictis,
271 2069 431 2133 solitarius
447 2071 686 2154 supramodum
703 2071 910 2154 stupefactus
928 2070 1003 2133 Deo
1015 2069 1130 2156 gratias
1147 2070 1298 2149 reddidit,

151 2171 184 2222 et
200 2179 296 2220 exeo
314 2169 457 2241 tempore
491 2159 628 2220 Beatum
662 2157 879 2222 Cuthbertum
909 2157 1113 2222 devotissime
1144 2158 1297 2236 excoluit,

150 2247 226 2333 quia
241 2245 282 2308 de
297 2243 357 2307 hiis
373 2268 445 2330 quen
463 2245 585 2308 viderat
612 2261 643 2309 et
658 2246 804 2309 audierat
819 2244 967 2310 dubitare
983 2269 1049 2310 non
1073 2246 1189 2330 potuit.
1238 2247 1299 2310 Fe·

151 2345 228 2398 runt
244 2346 351 2396 autem
383 2332 466 2396 illius
483 2332 545 2396 loci
561 2333 676 2396 incolae
692 2335 780 2421 quod
807 2357 908 2420 usque
938 2332 971 2396 in
997 2333 1188 2398 hodiernum
1213 2333 1298 2398 diem

151 2421 234 2485 infra
248 2421 364 2484 limites
379 2420 479 2504 ipsius
496 2444 579 2484 areae
595 2444 655 2485 neo
681 2422 767 2486 fures
791 2423 951 2486 effodiunt
978 2423 1027 2485 vel
1058 2423 1217 2499 furantur,
1250 2422 1300 2487 vel

150 2509 300 2574 animalia
324 2531 382 2572 seu
398 2510 551 2594 quaelibet
578 2509 640 2572 alia
670 2511 711 2574 de
742 2510 814 2573 loco
841 2509 897 2573 illo
920 2512 1035 2597 injuste
1067 2510 1220 2575 violenter
1251 2510 1300 2574 vel

152 2597 375 2661 fraudulenter
405 2612 539 2678 possunt
567 2598 701 2662 auferre.
749 2599 856 2662 Locus
873 2597 924 2660 ille
942 2598 1076 2662 Moddri
1088 2599 1218 2676 dicitur,
1235 2599 1299 2662 dis-

151 2699 262 2771 tatque
278 2708 296 2749 a
311 2686 440 2749 civitate
461 2685 640 2750 Bedeforde
664 2699 801 2772 quatuor
816 2685 943 2751 circiter
958 2685 1145 2750 miliaribus.

514 2998 631 3077 [cae.
656 2996 939 3078 XXIX.]-Atta.

195 3229 413 3312 Episcopante
439 3226 541 3290 Beato
566 3223 760 3300 Cuthberto,
784 3245 909 3308 semper
932 3221 1126 3286 castimoniae
1142 3219 1251 3299 decus,
1268 3232 1301 3286 et

152 3316 362 3380 continentiae
377 3317 487 3391 virtus,
499 3315 584 3376 circa
599 3333 634 3376 se
649 3334 787 3398 suosque
814 3310 950 3399 rigando
966 3310 1089 3386 claruit,
1114 3323 1146 3372 et
1165 3310 1300 3395 justitiae

153 3402 258 3468 cultus
274 3416 306 3467 et
322 3403 500 3468 honestatis
515 3402 649 3466 affectus
675 3400 809 3464 floridus
826 3413 890 3463 tam
915 3404 946 3462 in
971 3397 1094 3462 actibus
1111 3421 1207 3484 quam
1223 3422 1303 3484 ope-

152 3491 242 3556 ribus
257 3492 318 3576 piis
333 3491 453 3555 cotidie
468 3489 643 3555 crescendo
665 3489 856 3573 comparuit,
906 3487 957 3550 Ad
973 3485 1146 3550 devitanda
1161 3487 1301 3574 denique

153 3580 246 3643 malae
262 3578 449 3664 suspicionis
465 3577 649 3664 obprobria,
675 3599 801 3660 semper
830 3576 1022 3639 feminarum
1045 3575 1109 3638 suis
1131 3574 1302 3641 interdixit

153 3667 366 3731 contubernia
382 3668 431 3730 vel
447 3667 651 3753 frequentata
673 3663 845 3729 consortia.
894 3661 1048 3738 Quodam
1074 3663 1194 3729 exinde
1221 3678 1301 3728 tem-

154 3776 231 3839 pore
241 3756 319 3820 dum
333 3756 469 3820 Sanctus
487 3753 639 3820 Pontifex
656 3753 688 3814 in
698 3751 893 3815 monasterio
909 3750 950 3814 de
961 3772 1051 3814 more
1067 3751 1233 3816 redimitus
1245 3772 1302 3816 ex-

153 3843 226 3920 titit,
239 3843 448 3927 processionis
465 3839 772 3906 ritum'celebrando
795 3840 914 3925 exequi
930 3838 1054 3902 debuit:
1086 3839 1156 3903 haec
1172 3839 1302 3925 quidem

153 3929 266 3995 diebus
276 3931 495 4015 solempnibus
506 3930 618 3994 solitus
629 3943 695 3992 erat
712 3950 820 4015 agere,
833 3940 865 3991 et
882 3928 1116 4013 subsequenter
1131 3928 1181 3991 vel
1197 3949 1304 3990 sacro-

153 4035 263 4084 sancta
279 4020 438 4084 conficere
455 4019 511 4083 vel
521 4019 640 4083 (liutius
652 4015 786 4080 rudibus
803 4015 929 4101 populis
946 4016 1069 4078 monita
1083 4013 1226 4078 coelestia
1240 4013 1303 4076 dis·

153 4128 298 4191 pensare.
348 4108 497 4172 Exeunte
514 4129 592 4193 ergo
608 4106 648 4170 ad
665 4104 734 4167 haec
758 4104 863 4167 officia
893 4103 1057 4190 pontifice,
1089 4101 1195 4166 subito
1219 4102 1303 4165 inter

153 4197 252 4260 verba
268 4197 332 4259 Dei
348 4218 421 4281 quae
444 4194 656 4281 praedicando
688 4192 797 4269 seruit,
830 4192 909 4256 vidit
935 4190 1106 4277 plerosque
1136 4189 1302 4252 hominum

152 4283 311 4347 cachinno
328 4284 513 4349 resultando
529 4285 643 4347 ridere.
688 4280 761 4344 Jam
777 4280 908 4366 quidem
923 4279 1042 4366 quique
1065 4278 1143 4341 alias
1158 4277 1305 4341 intende-

152 4371 243 4451 bant,
260 4385 292 4437 et
306 4372 398 4460 quasi
411 4373 453 4438 ad
468 4372 649 4458 spectacula
658 4369 863 4456 praemirifica
875 4363 1058 4436 contuenda
1067 4364 1212 4431 nonnulli
1222 4384 1304 4430 'con-
