2888 5018
503 363 742 418 cumeum.

175 800 293 882 [CAP.
310 797 722 969 Xlel-Delilw
737 805 824 887 quod
836 804 873 868 de
888 805 1055 887 mousom

522 907 556 950 eo
690 935 698 952 .

174 1111 237 1178 Hie
252 1112 325 1177 fons
337 1109 489 1176 nimirum
504 1110 580 1176 facit
594 1112 658 1178 hoc
672 1114 707 1178 in
721 1126 869 1202 tempore
885 1115 1013 1197 mirum,

172 1200 247 1265 Istis
262 1213 403 1287 potatur,
420 1198 480 1263 illis
492 1199 635 1284 potando
650 1214 798 1291 negatur.

178 1288 325 1376 Namque
341 1288 398 1352 dat
413 1286 543 1365 insonti,
560 1288 617 1351 sed
632 1311 698 1352 non
714 1290 770 1354 dat
784 1291 901 1375 pocula
912 1295 1016 1358 sonti:

173 1376 288 1440 Insons
304 1375 380 1440 inde
395 1374 487 1452 bibit,
505 1374 615 1438 sitiens
631 1377 735 1461 pirata
749 1378 878 1454 redibit,

171 1463 323 1552 Denique
339 1465 477 1529 siccatur
492 1463 607 1527 utnon
623 1486 643 1527 a
653 1478 744 1530 sonte
758 1465 896 1531 bibatur.

173 1551 232 1614 Vir
246 1551 352 1616 meriti
368 1551 459 1628 tanti,
478 1572 583 1634 prece,
603 1573 675 1638 quae
691 1553 799 1636 placet
815 1556 1059 1634 omne-creanti,

174 1640 260 1704 Saxa
275 1663 358 1703 meae
375 1638 490 1703 mentis
505 1639 600 1702 fletus
617 1640 743 1704 mollito
759 1640 908 1706 fluentis:

175 1726 339 1814 Quicquid
354 1727 453 1791 habet
468 1725 569 1789 sordis
585 1726 672 1791 lavet
688 1728 749 1792 hoc
765 1729 971 1815 compunctio
987 1730 1105 1809 cordis,

175 1814 223 1880 Ut
239 1815 280 1880 de
295 1818 384 1881 fonte
399 1813 519 1892 bibam,
535 1835 594 1898 per
609 1836 705 1901 quem
720 1838 779 1902 per
795 1816 901 1882 secula
917 1819 1031 1884 vivam.

184 2177 300 2258 [CAP.
319 2175 606 2333 XIX.]-Quodba
618 2200 681 2333 buil
695 2199 789 2244 messe
803 2180 893 2243 veruo
907 2182 1044 2246 uolucres

542 2291 562 2332 a
582 2290 618 2352 eq
677 2314 684 2331 .

170 2491 291 2555 Vivens
307 2511 397 2554 more
411 2501 550 2575 patrum,
567 2514 787 2578 manuumque
801 2492 913 2558 labore
928 2505 1066 2575 tuarum,

174 2577 367 2644 Credideras
383 2577 451 2642 ruri
466 2602 554 2664 spem
571 2580 673 2646 victus
688 2591 765 2645 vota
779 2579 896 2646 futuri:

172 2667 236 2732 Sed
251 2679 308 2731 tua
321 2678 508 2750 raptantum
525 2682 594 2733 sata
609 2670 693 2733 laesit
710 2666 804 2732 turba
816 2669 994 2747 volentum,

175 2753 263 2828 Quas
278 2752 454 2839 prohibens
469 2754 537 2819 istis
548 2757 639 2840 jussu
656 2756 792 2839 depellis
808 2755 927 2819 aristis:

172 2842 325 2929 Hincque
342 2854 429 2905 tuam
445 2855 567 2908 temere
582 2867 716 2909 messem
734 2865 898 2930 nunquam
914 2843 1059 2933 tetigere.

174 2930 238 3008 Sic,
257 2927 378 2996 Christi
395 2931 494 2995 verbo
509 2930 603 3016 pulso
621 2933 778 3016 praedone
793 2928 942 3017 superbo,

173 3017 238 3082 Fac
252 3038 360 3082 semen
376 3032 523 3083 sanctum
540 3019 665 3085 radicet
680 3018 784 3083 cordis
801 3019 833 3084 in
851 3020 974 3097 oltum3

173 3105 272 3171 Unde
287 3105 369 3170 fides
386 3119 520 3186 crescat,
538 3120 573 3172 et
588 3107 759 3174 crescendo
775 3108 957 3175 revirescat.

144 3463 258 3559 [CAP.
276 3469 513 3552 ism-Quod
521 3476 607 3537 corvi
621 3474 771 3554 injuriam
785 3490 880 3554 quam
893 3468 1082 3548 eifoeerortt,

321 3562 466 3642 procubus
480 3569 509 3624 et
523 3563 699 3625 muneribus
706 3567 895 3641 puryamnt.

175 3782 318 3867 Hospitii
335 3797 455 3848 tectum
471 3786 537 3849 duo
552 3783 760 3849 dilacerando
774 3794 932 3848 retectum

171 3871 269 3936 Corvi
285 3872 478 3949 rescindunt,
493 3871 656 3959 prolisque
672 3872 734 3935 cub
747 3869 980 3937 ilibusindunt:

170 3958 334 4044 Praeeipis,
351 3974 384 4024 et
398 3960 528 4038 cedunt,
545 3981 620 4023 nam
636 3973 709 4045 post
721 3973 778 4024 tua
787 3960 880 4045 jussa
894 3958 1067 4026 recedunt:

171 4047 237 4112 Sed
252 4070 327 4112 cum
342 4070 418 4111 rura
432 4047 526 4126 fodis,
542 4062 615 4133 post
629 4050 714 4113 trina
728 4048 891 4128 volumina
905 4045 992 4124 solis,

170 4134 263 4200 Alter
277 4136 369 4200 adest
383 4148 526 4214 moestus,
542 4148 632 4201 motu
646 4135 722 4202 feeit
736 4135 842 4203 indice
880 4148 988 4202 uestus
996 4156 1006 4210 3

170 4228 259 4288 Voce
274 4224 404 4313 quidem
419 4239 545 4304 moeret,
562 4237 657 4290 terrae
672 4224 828 4290 demissus
843 4161 1008 4296 edbaeret3

169 4309 395 4380 Lamentando
404 4311 505 4400 jacet,
522 4311 582 4381 sibi
597 4333 662 4403 quo
684 4326 740 4382 tuo
752 4326 885 4402 pectore
904 4310 1029 4399 placem
