2888 5018
719 416 808 470 VITA
836 415 972 469 sanem

401 584 598 674 Suppliciter
613 583 729 673 quaerit
743 605 816 669 quae
832 604 928 646 causa
943 601 1059 666 pavere
1074 579 1214 666 subegit.

401 679 467 739 Orc
479 674 576 738 refers
592 671 672 751 miti,
690 680 817 736 “certe
833 669 995 757 magnalia
1010 667 1087 745 vidi,

404 761 512 836 Quam
527 761 605 825 felix
621 761 728 824 anima
740 759 853 823 tellure
867 757 994 821 levatur
1008 756 1051 820 ab
1063 755 1139 834 ima,

404 848 529 931 Sanctis
545 851 693 933 stipatur,
711 848 763 910 cui
776 859 870 931 porta
884 845 950 929 poli
966 856 1138 920 reseratur,

401 937 502 1002 Laetis
513 937 627 1020 juncta
638 934 743 999 choris
757 933 902 998 felicibus
917 931 1040 996 inditur
1054 931 1153 998 horis.

404 1025 484 1090 Pars
499 1025 559 1088 fuit
575 1023 627 1087 hic
642 1022 780 1098 humilis,
798 1043 894 1108 quam
910 1032 944 1085 tu
960 1021 1043 1083 bene
1057 1018 1172 1105 pascis,
1191 1017 1284 1096 ovilis
1298 1042 1307 1095 ;

404 1113 485 1177 Cras
498 1114 564 1196 ejus
580 1133 698 1176 nomen
713 1109 836 1194 pandas
852 1107 931 1171 mihi
946 1107 1057 1172 mortis
1073 1120 1106 1171 et
1120 1127 1228 1184 omen,

404 1200 490 1264 Cum
507 1199 650 1263 Domino
666 1220 771 1262 sacras
786 1196 930 1260 libavero
946 1217 1064 1259 munus
1080 1194 1122 1258 ad
1137 1194 1242 1262 aras.”

401 1287 476 1351 ,lam
491 1287 577 1351 facto
594 1309 685 1349 urana
702 1286 797 1349 dictis
813 1285 858 1347 nil
875 1285 991 1348 transit
1006 1284 1123 1357 inane3

405 1376 510 1440 Sacris
526 1376 651 1439 intento
668 1375 724 1439 tibi
742 1373 820 1437 dicit
837 1373 937 1456 virgo,
957 1381 977 1412 ‘⁶
993 1382 1156 1433 memento

405 1463 495 1528 illius
515 1462 712 1549 Hadgualdi,
727 1483 823 1547 quem
840 1461 974 1542 contigit
991 1457 1105 1522 arbore
1121 1454 1209 1531 labi;

403 1550 531 1634 Lapsus
548 1549 696 1625 decessit,
714 1561 787 1633 pete
806 1548 955 1612 Christus
971 1548 1000 1609 ei
1016 1545 1143 1631 requies
1159 1544 1201 1607 sit
1213 1544 1242 1607 :”

403 1636 466 1712 Sic,
485 1637 611 1719 pie,'sic
627 1649 720 1721 paret
736 1637 769 1698 in
787 1653 817 1699 tc
833 1659 906 1721 quae
921 1635 1027 1719 gratia
1043 1634 1153 1697 claret.

407 1723 567 1807 Perspicis
582 1735 792 1807 assumptum,
811 1724 868 1786 sed
884 1737 917 1787 et
931 1723 1000 1806 ejus
1016 1725 1057 1784 ad
1072 1732 1158 1784 astra
1173 1713 1390 1804 triumphum:

404 1810 500 1886 Quae.
518 1811 660 1897 quando,
678 1833 815 1896 quaeque
832 1812 890 1874 tibi
907 1810 1003 1887 dicat,
1020 1809 1160 1893 precinis
1176 1827 1279 1893 aeque.

404 1899 501 1962 Nunc
516 1897 612 1961 michi
629 1910 803 1974 tantorum,
822 1919 983 1974 succurre,
1000 1911 1093 1981 pater
1109 1895 1318 1959 meritorum:

404 1985 499 2050 Vires
513 1985 648 2071 impetra
664 2010 728 2072 quo
745 1986 864 2070 pellam
880 1999 1012 2071 pectore
1028 1995 1131 2059 tetra3

404 2074 502 2138 Mens
520 2074 685 2139 Christum
702 2088 810 2158 captet
827 2086 862 2138 ut
878 2096 950 2137 eam
965 2071 1136 2136 virtutibus
1152 2082 1265 2157 aptet3

407 2162 537 2246 Captet,
555 2175 590 2226 ut
606 2162 663 2225 has
680 2167 793 2225 nactus¹
806 2174 988 2226 sanctorum
1005 2180 1178 2245 persequar
1193 2169 1294 2236 actuS,

407 2249 556 2325 Quorum
574 2263 798 2335 postmortem
815 2251 939 2335 capiam
955 2270 1014 2334 per
1029 2248 1147 2310 saecula
1162 2258 1293 2314 sortem.

393 2597 510 2680 [CAP.
527 2594 851 2684 murm-Quod
863 2620 978 2683 aquam
992 2605 1028 2665 in
1041 2605 1113 2666 uiuo
1127 2603 1298 2666 mmouen't.

406 2826 518 2889 Virtus
535 2824 642 2890 divina
658 2825 716 2891 tibi
732 2826 789 2890 dat
804 2826 844 2889 de
859 2827 991 2892 flumine
1007 2827 1081 2892 vina
1090 2851 1099 2903 3

410 2912 531 2977 Vinum
546 2912 650 2977 fecisti
666 2914 829 2998 limpham,
846 2937 942 3000 quam
958 2914 1047 2980 fonte
1061 2913 1170 2979 bibisti
1183 2939 1192 2991 3

409 3001 587 3065 Gustantes
603 3001 668 3078 alii,
680 3003 846 3067 celebrant
863 3003 1016 3068 miracula
1032 3001 1107 3067 vini.

406 3087 507 3152 Verte
518 3109 606 3152 meos
622 3112 736 3168 mores,
755 3103 787 3154 te
803 3090 968 3175 deprecor,
985 3093 1020 3154 in
1031 3090 1200 3155 meliores:

408 3174 461 3239 De
477 3179 605 3240 summis
621 3199 695 3242 rora
710 3177 817 3255 michi,
831 3201 896 3264 quo
911 3178 1042 3265 sapiam,
1059 3178 1203 3243 meliora.

409 3263 475 3326 Fac
490 3264 611 3349 sapiam
629 3264 749 3329 Christi
764 3267 865 3350 magis
881 3279 914 3332 et
929 3267 1039 3355 magis,
1056 3279 1092 3332 ut
1108 3265 1251 3353 sapuisti,

408 3350 542 3420 Sacrum
556 3351 734 3432 dulcorem,
751 3353 844 3420 simul
860 3367 893 3420 et
909 3355 1049 3420 dulcoris
1064 3377 1218 3421 amorem.

364 3679 482 3758 [CAP.
510 3682 616 3748 XXX
619 3684 650 3748 V
648 3686 816 3764 .]-Quou
835 3694 909 3766 post
929 3686 1004 3749 duos
1018 3706 1116 3750 canos
1130 3685 1336 3769 Episcopatus

361 3769 489 3836 redierit
502 3773 547 3850 ud
559 3775 735 3838 solitariam
749 3776 856 3850 vitam,
874 3782 903 3836 et
917 3775 1120 3839 inobedientes
1142 3775 1204 3838 sibi
1211 3774 1338 3857 fiatrcs

701 3882 786 3927 mare
806 3864 988 3946 impedierit.

407 4095 472 4159 Per
487 4093 581 4159 binos
596 4116 697 4160 annos
712 4095 874 4172 illustrans
889 4094 957 4181 ipse
976 4095 1171 4173 Britannos,

406 4181 574 4248 Pontificis
583 4185 658 4269 jure
672 4185 849 4270 peragebas
864 4183 975 4248 munia
986 4207 1091 4249 curae:

406 4270 502 4350 Mox,
520 4281 631 4355 vatum
646 4291 746 4350 more,
764 4272 822 4336 tibi
838 4272 950 4335 mortis
989 4268 1121 4338 raescius
1129 4271 1231 4349 horae,

406 4356 586 4424 Transaeto
601 4356 684 4424 festo
700 4358 821 4426 Christi
837 4358 952 4428 natalis
965 4295 1106 4430 honesto
1163 4386 1166 4393 ·
1236 4373 1239 4377 ·
