2888 5018
170 320 219 386 44
616 335 707 384 vrrs
732 336 867 385 osw1u1

165 498 299 584 publicis
322 498 479 574 deferens,
503 519 565 561 nou
593 497 739 563 instituto
765 499 813 563 vel
835 497 1056 564 consuetudini
1075 503 1168 587 regui
1185 527 1295 573 morem

164 610 290 672 gerens,
312 587 409 665 venit,
427 601 463 650 ut
478 585 600 650 dictum
615 600 675 663 est,
697 587 822 664 Wilum,
839 587 1002 652 laxaturus
1018 611 1132 654 manus
1146 591 1179 655 in
1195 611 1296 681 captu·

163 697 232 738 ram
255 673 418 738 mobilium
441 697 513 761 quae
536 673 595 738 sibi
617 674 703 759 prius
726 688 941 741 occurrerent.
988 676 1209 746 Prohibebant
1230 705 1295 749 eum

163 761 302 849 quicum
318 784 359 826 eo
373 776 535 839 venerant,
556 761 711 826 Ricardus
727 777 760 827 et
778 762 961 842 Nicholaus‚
975 764 1033 829 viri
1045 765 1200 847 timorati,
1213 769 1233 834 a
1246 771 1297 836 do-

163 852 280 914 rnruico
307 849 414 914 Sancti
439 849 592 938 Martyris
608 863 772 927 arment03
796 866 993 936 opponentes
1009 866 1077 917 turn
1093 854 1224 921 titulum
1234 859 1296 944 jam

162 938 258 1002 dictae
273 937 520 1014 consuetudinis,
539 950 608 1002 tum
622 937 833 1003 reverentiam
849 939 957 1004 Sancti
972 940 1069 1025 Regis
1085 955 1118 1007 et
1135 943 1296 1034 Martyris.

162 1029 209 1091 At
231 1025 285 1089 ille
307 1048 379 1090 curn
404 1025 495 1090 sociis
511 1026 660 1103 refectuS,
685 1025 806 1090 incuria
824 1027 943 1106 Sancti,
961 1028 1181 1096 nichilominus
1193 1033 1296 1100 furore

161 1136 225 1200 quo
248 1113 334 1200 prius
357 1115 451 1191 latus,
479 1113 594 1198 passim
617 1128 650 1178 et
672 1113 738 1178 sine
762 1113 881 1179 dilectu
926 1116 991 1181 uod
1013 1117 1100 1203 prius
1122 1124 1297 1188 occurrerit

161 1216 329 1288 capturum
353 1225 387 1266 se
409 1224 482 1266 cum
503 1203 686 1301 juramento
710 1201 856 1266 affirmat.
903 1138 1099 1293 Secutusque
1121 1220 1172 1272 est
1199 1223 1236 1274 ut
1258 1212 1297 1278 ad

161 1312 278 1376 pascua
299 1290 418 1376 pariter
441 1303 595 1368 venirent,
622 1289 676 1354 ubi
699 1289 849 1354 dominici
871 1291 969 1356 boves
989 1292 1074 1358 illius
1089 1294 1174 1359 villae
1190 1320 1297 1384 pasce·

160 1380 296 1455 bantur;
320 1392 354 1444 et
376 1378 557 1442 videntibus
574 1377 714 1442 Ricardo
733 1391 767 1442 et
786 1377 942 1444 Nicholao
957 1381 1052 1446 boves
1068 1398 1248 1467 pascentes,
1265 1400 1295 1453 et

160 1489 294 1553 puerum
313 1467 497 1544 minantem,
515 1465 681 1530 audientes
697 1466 793 1530 etiam
808 1489 918 1531 canem
934 1468 1108 1548 horridum,
1126 1473 1295 1540 satellitem

159 1555 287 1619 horride
311 1554 413 1618 solum
436 1554 658 1630 oblatrantem,
683 1553 749 1637 ipse
765 1554 832 1624 dux
850 1555 1027 1641 nephandae
1042 1560 1211 1642 captionis,
1237 1585 1295 1628 nec

158 1642 257 1707 boves
281 1640 371 1719 vidit,
396 1664 454 1705 nec
477 1663 588 1705 canem
611 1641 744 1705 audivit.
791 1643 886 1707 Ibant
909 1658 1018 1709 autem
1032 1645 1065 1709 in
1080 1646 1155 1731 ipsis
1170 1654 1294 1734 pascuis

157 1729 221 1794 huc
243 1730 382 1816 illucque
409 1743 444 1813 et
468 1729 709 1793 revertebantur
736 1730 862 1814 saepius,
891 1732 978 1796 etin
1001 1746 1126 1798 tantum
1148 1753 1293 1804 armento

157 1818 300 1905 pascenti
319 1817 583 1904 propinquabant,
602 1831 636 1881 ut
652 1816 861 1904 equitantium
875 1819 1009 1904 pedibus
1024 1834 1243 1906 tangerentur,
1260 1838 1294 1892 et

157 1908 299 1995 pulsibus
318 1905 447 1971 Ricardi
463 1918 496 1970 et
513 1903 661 1970 Nicholai
676 1906 773 1970 boves
788 1905 807 1970 a
821 1906 954 1972 transitu
970 1910 1142 1995 quaerentis
1157 1936 1214 1978 eos
1228 1938 1295 1980 am·

157 1997 362 2082 bigerentur3
391 2018 449 2059 nec
476 1993 509 2057 in
531 1994 637 2058 eundo
659 1994 710 2059 vel
731 1994 897 2059 redeundo
917 1995 937 2060 a
958 1997 1101 2062 ministro
1123 2001 1214 2085 regio
1235 2003 1291 2067 visi

158 2101 242 2151 sunt.
290 2083 426 2149 Caecitas
452 2081 610 2159 nimirum,
635 2105 730 2169 quarn
755 2082 862 2147 Graeci
885 2083 1032 2149 aurisiam
1056 2109 1112 2150 seu
1137 2089 1293 2157 abrasiam

157 2174 278 2249 dicunt,
298 2194 371 2258 quae
394 2169 574 2234 Sodomitas
592 2185 801 2254 percusserat,
822 2193 863 2235 ue
884 2172 1000 2236 ostium
1015 2173 1126 2238 domus
1144 2176 1233 2242 Loth
1247 2179 1294 2243 in·

155 2260 312 2335 venirent,
337 2257 421 2321 hunc
447 2257 620 2356 iniquitatis
636 2257 813 2321 ministrum
836 2260 984 2345 tetigerat
998 2285 1007 2338 ;
1028 2275 1061 2326 et
1076 2263 1118 2326 ad
1133 2267 1293 2352 tempusa

156 2348 224 2413 visu
247 2345 367 2432 pariter
385 2358 418 2410 et
436 2345 559 2422 auditu,
580 2367 644 2408 non
664 2344 806 2409 omnium
824 2370 896 2434 quae
913 2348 1013 2413 videri
1028 2364 1062 2414 et
1076 2352 1179 2417 audiri
1201 2367 1292 2440 pote·

155 2449 237 2514 rant,
257 2457 330 2498 nam
351 2433 452 2497 socios
467 2455 540 2496 suos
556 2445 589 2496 et
604 2432 733 2497 videbat
749 2447 781 2498 et
797 2435 959 2515 audiebat,
975 2437 1033 2501 sed
1048 2461 1160 2504 eorum
1175 2442 1291 2529 quibus

156 2524 273 2589 damna
287 2522 401 2586 inferre
415 2534 634 2607 proposuerat,
651 2521 816 2606 optinente
835 2523 954 2589 Sancto
974 2526 1103 2591 Oswiuo
1118 2531 1290 2615 suspeude-

155 2626 216 2678 rat.
265 2609 409 2696 Egressis
435 2608 626 2674 autemillis
651 2623 768 2674 terram
799 2611 906 2675 Sancti
935 2613 1098 2700 MartyriS,
1131 2617 1289 2684 “Miror”

154 2701 257 2790 inquit
278 2698 403 2765 satelles
427 2698 489 2777 ille,
513 2707 609 2785 “quo
632 2697 820 2762 devenerint
842 2713 986 2765 armenta
1000 2703 1051 2766 vel
1065 2726 1179 2788 greges
1195 2707 1288 2794 hujus

153 2793 248 2857 villae.
294 2786 450 2873 Nunquid
464 2785 557 2850 alicui
568 2785 714 2850 revelasti
730 2810 856 2851 causam
872 2787 1025 2853 adventus
1041 2793 1171 2858 nostri?
1196 2794 1289 2860 Nuu-

153 2879 231 2968 quid
253 2900 296 2941 ex
318 2874 513 2939 consciencia
527 2873 635 2938 nostrai
649 2874 669 2937 a
681 2874 804 2960 pascuis
820 2889 943 2940 remota
957 2890 1031 2941 sunt
1046 2901 1118 2965 quae
1133 2882 1288 2967 capienda

152 2966 295 3032 venimus
318 2974 463 3027 armenta
484 2964 520 3027 ?”
548 2964 591 3025 At
617 2961 663 3025 illi
685 2962 739 3049 qui
765 2986 837 3038 cum
859 2986 899 3029 eo
923 2965 1166 3048 comitabantur,
1197 2980 1220 3012 “
1234 2972 1286 3037 De

176 3055 232 3120 ua'’
259 3049 405 3137 inquiunt
431 3048 599 3135 “loqueris
624 3049 723 3115 villa?
752 3050 868 3115 Nonne
890 3051 958 3142 jam
981 3054 1121 3140 elongati
1144 3060 1286 3125 sumusa

153 3081 281 3218 (Nilum,
312 3135 492 3226 quingentis
521 3136 588 3201 fere
618 3137 787 3221 passibus?
827 3137 943 3204 Nonne
975 3141 1080 3206 vidisti
1110 3144 1284 3213 dominicos

151 3234 249 3297 boves
268 3228 301 3291 in
320 3224 383 3290 suis
399 3223 523 3310 pascuis
537 3228 729 3310 pascentes?
754 3224 871 3291 Nonne
887 3250 1020 3313 puerum
1035 3232 1212 3298 subruffum
1226 3236 1284 3300 mi·

151 3331 279 3384 nantem
300 3338 355 3380 eos
371 3311 487 3389 vidisti,
505 3327 538 3377 et
554 3335 626 3377 curn
642 3336 682 3377 eo
697 3336 807 3378 canem
825 3328 857 3379 te
874 3317 975 3381 solum
992 3320 1106 3385 acriter
1121 3322 1284 3389 oblatran-

152 3421 215 3472 tem
236 3403 350 3469 audisti
359 3404 394 3468 i'”
420 3411 442 3442 “
457 3400 621 3478 Minime,''
637 3401 739 3489 inquit
757 3404 842 3468 “vel
859 3402 923 3468 vidi
938 3407 988 3471 vel
1003 3408 1110 3472 audivi
1125 3432 1220 3496 quem
1235 3411 1284 3476 di·

150 3495 250 3562 citis.’'
298 3491 348 3556 Illi
371 3507 479 3555 autern
502 3489 684 3556 estimantes
704 3491 792 3579 quod
813 3491 1039 3559 dissimulasset
1054 3497 1171 3576 omnia,
1189 3499 1284 3565 tertia

149 3584 199 3648 vel
221 3580 335 3670 quarta
356 3579 408 3643 die
424 3578 455 3642 in
471 3580 625 3643 comitatu
640 3580 726 3665 apud
743 3579 870 3645 Novum
888 3582 1064 3648 Castellum
1079 3585 1190 3651 habito
1205 3610 1280 3652 cum

148 3671 299 3738 secretius
322 3679 355 3733 et
377 3666 550 3732 districtius
572 3668 735 3753 superbis
759 3685 983 3750 convenerunt,
1000 3684 1033 3736 et
1044 3671 1097 3736 ille
1111 3695 1184 3738 cum
1194 3675 1283 3761 jure·

148 3773 258 3827 mento
281 3756 468 3834 testabatur,
492 3779 526 3821 se
550 3778 606 3820 nec
630 3755 743 3821 vidisse
766 3780 824 3822 nec
847 3758 972 3823 audisse
987 3782 1059 3846 quoe
1075 3760 1119 3824 illi
1134 3763 1283 3847 perbibe-

145 3852 235 3916 baut.
281 3844 555 3934 Divulgatumque
572 3857 620 3908 est
635 3844 843 3908 incontinenti
858 3866 916 3930 per
934 3847 1140 3928 Comitatum,
1162 3851 1280 3919 deiude

145 3962 203 4026 per
218 3950 320 4001 totam
336 3931 672 4020 Nordtbanymbriam,
686 3933 818 3996 verbum
832 3931 893 3997 hoc
909 3934 996 4020 quod
1010 3935 1087 4001 fecit
1099 3937 1278 4019 Dominus;

145 4042 179 4094 et
201 4021 342 4092 ostendit
364 4021 454 4085 nobis
478 4019 634 4084 timoratis
656 4019 698 4083 ad
716 4019 957 4105 glorificandum
975 4021 1095 4105 Deum,
1111 4027 1279 4095 obstinatis

144 4139 221 4181 vero
244 4113 286 4179 ad
308 4109 485 4175 timendum
508 4107 616 4172 Deum
639 4119 672 4171 et
694 4107 904 4172 reverendum
930 4111 1081 4177 Sanctum
1107 4115 1231 4201 Regem
1245 4131 1280 4183 et

147 4206 325 4288 Martyrem
344 4195 518 4262 Oswinum.
557 4194 715 4258 Horridus
727 4207 834 4260 autem
845 4197 971 4262 satelles
983 4223 1047 4266 non
1060 4202 1183 4269 addidit
1194 4205 1280 4272 ultra

143 4291 285 4381 praedam
308 4287 342 4350 in
368 4283 453 4347 terra
482 4282 589 4345 Sancti
616 4281 778 4369 Martyris,
802 4284 854 4354 vel
875 4307 1014 4367 numum,
1039 4303 1075 4354 ut
1097 4290 1143 4355 ita
1161 4291 1277 4374 dicam,

142 4393 309 4467 repetere3
330 4375 429 4438 immo
451 4370 471 4436 a
495 4368 562 4435 visu
591 4370 774 4437 monasterii
808 4371 927 4456 Sancti,
954 4378 1107 4443 nonnuflo
1134 4392 1278 4467 ternpore
