2888 5018
146 281 196 361 64
519 290 709 349 tirannus
736 295 787 347 nn
815 296 918 349 onru

147 465 311 536 codicibus
326 461 468 548 legerat:
493 476 629 527 matrem
645 483 723 526 vero
738 460 824 525 illius
844 460 996 525 Sabinam
1011 454 1109 524 fuisse
1125 472 1291 540 vocatam3

147 579 232 645 quoe,
257 576 319 639 pro
343 551 519 616 sanctitatis
550 572 617 614 suae
641 548 797 637 religione
821 560 854 614 et
876 548 1022 613 miranda
1038 550 1291 629 conversatione,

146 665 235 710 nuuc
251 643 284 704 in
299 652 386 705 terra
400 639 455 703 illa
470 639 502 702 in
520 639 659 702 maxima
674 637 814 702 habetur
828 636 1047 713 veneratione,
1061 652 1093 701 et
1107 659 1209 722 penes
1225 637 1293 702 illos

146 730 232 796 inter
247 728 365 793 electos
381 728 446 792 Dei
462 740 609 810 reputata
618 737 878 790 connumeratur.
925 724 1024 790 Unde
1040 738 1072 789 et
1087 747 1187 789 sacrae
1199 725 1293 811 ipsius

146 816 292 903 reliquiae
308 828 340 880 et
354 814 432 879 locis
449 813 675 879 sacratioribus
690 825 892 898 reponuntur
907 810 1063 887 ecclesiae,
1078 815 1295 901 memoriaque

148 906 235 970 illius
251 926 360 967 annua
376 901 432 967 ubi
447 901 583 989 quiescit
598 901 732 965 celebris
755 901 902 965 habetur.
950 900 1035 978 Alia,
1053 923 1143 978 vero,
1161 924 1235 988 quae
1258 902 1295 967 de

148 993 225 1078 ipsis
246 990 364 1068 retulit,
382 990 415 1053 in
435 989 513 1054 locis
539 989 692 1074 hystoriae
715 988 975 1073 competentibus
991 988 1199 1065 inseruimus;
1224 991 1296 1077 quia

148 1103 217 1146 non
233 1079 385 1144 convenit
401 1091 437 1142 ut
459 1079 490 1140 in
508 1075 759 1162 praefaciuncula
774 1075 867 1140 nimis
884 1077 979 1138 simus
996 1075 1099 1151 effusi,
1116 1079 1148 1140 in
1164 1077 1296 1142 historia

149 1192 228 1233 vero
251 1165 413 1233 succincti.
478 1166 521 1229 At
542 1179 648 1228 tamen
664 1175 858 1248 protestatus
874 1177 921 1227 est
938 1165 1025 1249 quod
1041 1178 1151 1242 mater,
1169 1165 1297 1229 dimisso

149 1258 184 1320 in
208 1256 327 1319 finibus
355 1254 538 1317 Scottorum
560 1275 673 1338 puer0,
690 1254 877 1335 repatriavit
884 1276 893 1327 ;
918 1264 950 1315 et
965 1251 1010 1316 ibi
1025 1252 1058 1314 in
1075 1253 1212 1317 ecclesia
1226 1253 1297 1317 reli-

174 1345 240 1407 iose
265 1357 452 1406 conversata
474 1363 571 1425 penes
597 1363 651 1404 eos
678 1340 736 1402 sub
753 1340 865 1404 habitu
882 1341 984 1403 sancti
1001 1339 1156 1404 Monialis
1173 1341 1295 1408 obierit.

150 1369 232 1496 i‘ost
247 1433 336 1517 cujus
353 1429 540 1493 relationem
558 1441 589 1492 et
604 1427 739 1491 aliorum
755 1427 928 1491 veridicam
941 1428 1195 1505 attestacionem,
1214 1430 1298 1493 vide·

150 1519 229 1583 licet
245 1517 383 1581 Mathiae
400 1514 654 1600 Archiepiscopi,
680 1527 712 1578 et
736 1516 845 1579 Sancti
865 1514 1036 1578 Malachiae
1052 1530 1084 1579 et
1101 1517 1254 1580 Giliberti
1269 1530 1299 1581 et

152 1604 261 1680 Alani,
277 1603 524 1688 Episcoporurn,
542 1616 573 1665 et
588 1601 819 1665 nonnullorum
832 1616 1057 1666 veteranorum
1073 1602 1114 1667 de
1128 1604 1299 1689 Hybernia

151 1692 365 1766 sacerdotum,
383 1710 525 1754 necnon
549 1703 581 1754 et
604 1687 835 1753 monachorum
850 1689 986 1774 predicti
1004 1691 1113 1755 Sancti
1128 1690 1299 1757 Malachiae

152 1776 397 1863 Archiepiscopi
428 1775 670 1862 discipulorum,
699 1798 811 1841 manus
842 1777 981 1841 securius
1008 1780 1236 1863 apposuimus3
1270 1793 1301 1844 et

152 1889 266 1934 eorum
292 1865 379 1930 dicta
403 1865 454 1929 vel
470 1863 663 1940 testimonia,
680 1876 778 1950 prout
801 1864 963 1951 hystorica
985 1869 1168 1951 prosecutio
1191 1869 1299 1957 exigit,
1339 1878 1343 1886 '

152 1955 298 2043 sequenti
321 1953 477 2040 opusculo
502 1952 702 2020 inseruimus.
764 1953 839 2016 Aha
855 1976 931 2017 vero
954 1956 1092 2039 propriis
1108 1955 1302 2041 adaptantur

152 2043 244 2121 locis,
262 2065 335 2128 quae
351 2046 392 2109 ab
408 2041 477 2105 aliis
501 2040 670 2104 didicimus
686 2064 740 2105 seu
757 2043 875 2125 scripta
891 2041 1105 2126 comperimus
1121 2042 1155 2106 in
1176 2044 1302 2109 Scotto·

152 2153 226 2195 rum
253 2129 354 2194 libris.
403 2129 528 2202 Quibus
555 2128 629 2193 freti
660 2129 860 2205 testimoniis,
890 2131 942 2213 pio
968 2129 1102 2194 Domini
1120 2131 1303 2198 Confessori

157 2217 339 2282 Cuthberto
356 2216 465 2279 devoti
482 2217 646 2279 offerimus
662 2219 800 2280 exennia
816 2217 916 2280 nostri
932 2218 1064 2285 laboris,
1116 2218 1223 2291 Quem
1242 2215 1303 2285 ala·

154 2305 265 2368 crioris
277 2303 375 2367 animi
392 2303 503 2366 sedula
514 2303 689 2366 devocione
700 2304 897 2386 postulamus
913 2320 948 2368 ut
963 2306 1008 2368 ita
1023 2304 1173 2389 dignetur
1188 2309 1304 2374 habere

155 2402 290 2475 accepta
316 2389 588 2475 quemadmodum
617 2401 728 2452 nostra
758 2390 792 2453 in
822 2390 1064 2456 hiis‘desideria
1094 2393 1161 2478 ejus
1189 2394 1304 2460 honori

154 2488 306 2564 prompta
320 2478 390 2541 fore
405 2477 548 2564 gestiunt
562 2489 659 2564 atque
675 2477 800 2542 devota.
848 2482 992 2563 Explicit
1006 2484 1178 2565 Presidio..

234 2727 238 2738 c

268 2765 385 2854 [CAP.
402 2764 445 2854 1.]
471 2764 591 2847 Incipit
611 2765 754 2832 Libellus
768 2770 806 2833 dc
820 2777 889 2832 ortu
904 2771 1013 2836 Sancti
1030 2772 1199 2865 Cuthberti.

202 2986 401 3051 Cuthbertus
417 2987 450 3051 in
470 2987 599 3052 Christo
621 2989 699 3054 Jesu
715 3015 843 3078 gemma
867 3016 1030 3057 sacrorum
1049 2986 1251 3062 sacerdotum
1276 3012 1306 3064 et

156 3074 274 3139 nobilis
301 3073 403 3157 gloria
429 3074 669 3154 confessorum,
694 3078 735 3142 de
760 3081 851 3168 regio
875 3094 1008 3146 stemate
1037 3083 1305 3169 Hybernensium

157 3161 297 3229 traditur
312 3162 409 3225 fuisse
424 3165 623 3246 progenitus.
686 3165 752 3239 Qui
775 3169 816 3231 de
839 3182 946 3255 styrpe
962 3172 1051 3257 regia
1067 3172 1143 3237 satis
1159 3176 1307 3241 educitur

156 3263 194 3314 ut
208 3250 324 3313 merito
339 3249 398 3312 flos
415 3263 447 3314 et
457 3272 584 3333 gemma
595 3254 785 3335 pontificum
801 3255 1007 3339 praedicetur.
1055 3259 1150 3338 Nam,
1163 3262 1204 3327 de
1219 3265 1307 3352 regio

156 3350 250 3424 patre
266 3337 407 3422 genitus,
419 3338 460 3401 de
477 3338 561 3424 regis
574 3363 702 3427 quoque
718 3342 943 3407 nichilominus
953 3358 1002 3409 est
1014 3346 1081 3410 filia
1096 3368 1306 3438 propagatus.

160 3426 214 3492 Sic
245 3426 389 3487 enimin
419 3424 689 3512 Hyberniensium
716 3428 882 3493 annalibus
911 3433 1130 3499 vetustissimis
1154 3443 1308 3523 scriptum

157 3512 288 3600 legitur,
305 3510 423 3595 quibus
450 3514 533 3579 fides
556 3516 715 3580 celebrior
739 3515 921 3582 adhibetur.
983 3521 1063 3587 Erat
1085 3523 1118 3586 in
1137 3525 1309 3612 Hybernia

161 3600 236 3664 Rex
251 3622 437 3686 generosus,
455 3624 496 3666 ex
512 3604 681 3687 praenobili
699 3619 923 3692 magnatorum
940 3609 1107 3693 sanguine,
1124 3615 1180 3698 qui
1201 3614 1308 3680 nativa

159 3686 316 3774 dignitate
340 3691 431 3776 regia
453 3693 576 3754 cunctis
599 3691 729 3775 praefuit
750 3692 947 3777 majestate*
994 3697 1079 3760 Nam
1095 3702 1209 3764 attavis
1224 3703 1310 3787 regi·

159 3776 221 3839 bus
237 3775 341 3839 editus
351 3776 427 3862 ipsis
440 3800 500 3863 pro
509 3793 635 3842 naturae
647 3779 771 3862 legibus
782 3779 843 3843 fuit
861 3780 1042 3867 Hyberniae
1052 3789 1181 3874 regibus
1197 3790 1311 3876 septri-

159 3885 239 3951 gera
248 3877 407 3948 potestate
419 3868 622 3950 praepositus.
659 3864 725 3937 Qui
739 3865 822 3950 Regi
835 3867 987 3932 caelorum
998 3875 1114 3938 merito
1129 3898 1311 3943 morumas·

161 3951 251 4016 sidua
263 3951 431 4031 militabat,
443 3966 475 4017 et
486 3951 585 4015 fidem
594 3950 821 4032 Christianam,
833 3978 927 4042 quam
936 3976 1133 4044 perceperat,
1139 3964 1199 4050 piis
1206 3967 1313 4052 operi·

160 4038 221 4104 bus
232 4041 421 4106 exornabat.
446 4038 562 4104 Hicin
578 4038 707 4104 civitate
718 4039 997 4128 Hyberniensium
1012 4049 1220 4133 nobilissima,
1238 4074 1311 4142 quoe

198 4220 212 4250 ⁸
232 4212 294 4267 “Et
305 4220 407 4266 caetera.
436 4210 596 4279 Cuiusfilius
608 4211 770 4271 Cuthbertus
781 4220 823 4270 vir
831 4219 958 4272 sanctus'.
977 4218 1064 4276 These
1073 4225 1155 4280 words
1166 4243 1210 4282 ara
1222 4225 1312 4298 placed

161 4281 256 4405 mie
274 4280 383 4351 margin,
400 4276 451 4332 and
467 4293 484 4332 a
504 4277 557 4334 lina
568 4284 591 4334 ts
602 4279 691 4337 drawn
702 4291 730 4338 to
742 4287 924 4356 majestatem
936 4284 960 4340 tt
974 4288 1039 4359 they
1050 4305 1123 4348 cama
1134 4295 1162 4350 in
1173 4296 1242 4351 aher
1252 4295 1312 4350 that
