<?xml version="1.0" encoding="UTF-8"?>
<!DOCTYPE html PUBLIC "-//W3C//DTD XHTML 1.0 Transitional//EN"
    "http://www.w3.org/TR/xhtml1/DTD/xhtml1-transitional.dtd">
<html xmlns="http://www.w3.org/1999/xhtml" xml:lang="en" lang="en">
 <head>
  <title>
</title>
<meta http-equiv="Content-Type" content="text/html;charset=utf-8" />
  <meta name='ocr-system' content='tesseract 3.04.00' />
  <meta name='ocr-capabilities' content='ocr_page ocr_carea ocr_par ocr_line ocrx_word'/>
</head>
<body>
  <div class='ocr_page' id='page_1' title='image "./miscellaneabiog00raingoog_0038.png"; bbox 0 0 2888 5018; ppageno 0'>
   <div class='ocr_carea' id='block_1_1' title="bbox 452 394 1205 473">
    <p class='ocr_par' dir='ltr' id='par_1_1' title="bbox 452 394 1205 473">
     <span class='ocr_line' id='line_1_1' title="bbox 452 394 1205 473; baseline 0 -15"><span class='ocrx_word' id='word_1_1' title='bbox 452 408 562 458; x_wconf 76' lang='lat' dir='ltr'>nuum</span> <span class='ocrx_word' id='word_1_2' title='bbox 590 405 810 458; x_wconf 74' lang='lat' dir='ltr'>neritonum.</span> <span class='ocrx_word' id='word_1_3' title='bbox 1159 394 1205 473; x_wconf 85' lang='lat'>17</span> 
     </span>
    </p>
   </div>
   <div class='ocr_carea' id='block_1_2' title="bbox 56 568 1209 2479">
    <p class='ocr_par' dir='ltr' id='par_1_2' title="bbox 56 568 1209 2479">
     <span class='ocr_line' id='line_1_2' title="bbox 56 568 1209 653; baseline -0.002 -18"><span class='ocrx_word' id='word_1_4' title='bbox 56 569 285 635; x_wconf 80' lang='lat' dir='ltr'><strong>miraculorum</strong></span> <span class='ocrx_word' id='word_1_5' title='bbox 307 568 480 633; x_wconf 82' lang='lat' dir='ltr'>celebratio</span> <span class='ocrx_word' id='word_1_6' title='bbox 502 569 669 632; x_wconf 88' lang='lat' dir='ltr'>innumera</span> <span class='ocrx_word' id='word_1_7' title='bbox 683 569 813 633; x_wconf 80' lang='lat' dir='ltr'>silenter</span> <span class='ocrx_word' id='word_1_8' title='bbox 832 569 948 653; x_wconf 88' lang='lat' dir='ltr'>allegat</span> <span class='ocrx_word' id='word_1_9' title='bbox 963 569 1004 634; x_wconf 93' lang='lat' dir='ltr'>de</span> <span class='ocrx_word' id='word_1_10' title='bbox 1020 569 1209 634; x_wconf 90' lang='lat' dir='ltr'>meritorum</span> 
     </span>
     <span class='ocr_line' id='line_1_3' title="bbox 56 654 1207 743; baseline -0.002 -21"><span class='ocrx_word' id='word_1_11' title='bbox 56 660 128 743; x_wconf 90' lang='lat' dir='ltr'>ejus</span> <span class='ocrx_word' id='word_1_12' title='bbox 144 655 367 742; x_wconf 67' lang='lat' dir='ltr'>praerogativa.</span> <span class='ocrx_word' id='word_1_13' title='bbox 415 655 501 719; x_wconf 86' lang='lat' dir='ltr'>Pace</span> <span class='ocrx_word' id='word_1_14' title='bbox 521 656 713 720; x_wconf 87' lang='lat' dir='ltr'>Sanctorum</span> <span class='ocrx_word' id='word_1_15' title='bbox 732 656 858 740; x_wconf 83' lang='lat' dir='ltr'>Angliae</span> <span class='ocrx_word' id='word_1_16' title='bbox 874 654 1010 721; x_wconf 86' lang='lat' dir='ltr'>dixerim</span> <span class='ocrx_word' id='word_1_17' title='bbox 1026 678 1091 719; x_wconf 92' lang='lat' dir='ltr'>non</span> <span class='ocrx_word' id='word_1_18' title='bbox 1107 670 1157 720; x_wconf 91' lang='lat' dir='ltr'>est</span> <span class='ocrx_word' id='word_1_19' title='bbox 1173 657 1207 721; x_wconf 92' lang='lat' dir='ltr'>in</span> 
     </span>
     <span class='ocr_line' id='line_1_4' title="bbox 56 740 1208 841; baseline -0.002 -32"><span class='ocrx_word' id='word_1_20' title='bbox 56 767 172 809; x_wconf 89' lang='lat' dir='ltr'>eorum</span> <span class='ocrx_word' id='word_1_21' title='bbox 186 764 328 819; x_wconf 84' lang='lat' dir='ltr'>numeru,</span> <span class='ocrx_word' id='word_1_22' title='bbox 339 741 397 841; x_wconf 83' lang='lat' dir='ltr'>qui</span> <span class='ocrx_word' id='word_1_23' title='bbox 409 740 550 805; x_wconf 74' lang='lat' dir='ltr'>crebrius</span> <span class='ocrx_word' id='word_1_24' title='bbox 566 741 698 807; x_wconf 88' lang='lat' dir='ltr'>innovet</span> <span class='ocrx_word' id='word_1_25' title='bbox 713 742 812 826; x_wconf 87' lang='lat' dir='ltr'>signa,</span> <span class='ocrx_word' id='word_1_26' title='bbox 830 742 884 828; x_wconf 94' lang='lat' dir='ltr'>qui</span> <span class='ocrx_word' id='word_1_27' title='bbox 901 740 1088 827; x_wconf 75' lang='lat' dir='ltr'>singularius</span> <span class='ocrx_word' id='word_1_28' title='bbox 1104 743 1208 807; x_wconf 90' lang='lat' dir='ltr'>inmu-</span> 
     </span>
     <span class='ocr_line' id='line_1_5' title="bbox 58 828 1207 917; baseline -0.003 -22"><span class='ocrx_word' id='word_1_29' title='bbox 58 843 109 895; x_wconf 91' lang='lat' dir='ltr'>tet</span> <span class='ocrx_word' id='word_1_30' title='bbox 124 828 290 906; x_wconf 82' lang='lat' dir='ltr'>mirabilia,</span> <span class='ocrx_word' id='word_1_31' title='bbox 307 852 362 915; x_wconf 94' lang='lat' dir='ltr'>qu1</span> <span class='ocrx_word' id='word_1_32' title='bbox 377 828 550 892; x_wconf 89' lang='lat' dir='ltr'>districtior</span> <span class='ocrx_word' id='word_1_33' title='bbox 565 828 799 893; x_wconf 85' lang='lat' dir='ltr'>animadvertat</span> <span class='ocrx_word' id='word_1_34' title='bbox 814 829 847 893; x_wconf 93' lang='lat' dir='ltr'>in</span> <span class='ocrx_word' id='word_1_35' title='bbox 863 829 1011 907; x_wconf 88' lang='lat' dir='ltr'>discolos,</span> <span class='ocrx_word' id='word_1_36' title='bbox 1028 829 1083 917; x_wconf 89' lang='lat' dir='ltr'>qui</span> <span class='ocrx_word' id='word_1_37' title='bbox 1098 829 1207 914; x_wconf 88' lang='lat' dir='ltr'>propi·</span> 
     </span>
     <span class='ocr_line' id='line_1_6' title="bbox 58 915 1205 1002; baseline -0.002 -21"><span class='ocrx_word' id='word_1_38' title='bbox 58 919 127 981; x_wconf 90' lang='lat' dir='ltr'>eior</span> <span class='ocrx_word' id='word_1_39' title='bbox 139 918 238 981; x_wconf 91' lang='lat' dir='ltr'>bonos</span> <span class='ocrx_word' id='word_1_40' title='bbox 250 915 404 980; x_wconf 85' lang='lat' dir='ltr'>exaudiat</span> <span class='ocrx_word' id='word_1_41' title='bbox 413 930 447 979; x_wconf 92' lang='lat' dir='ltr'>et</span> <span class='ocrx_word' id='word_1_42' title='bbox 457 916 629 981; x_wconf 91' lang='lat' dir='ltr'>modestos.</span> <span class='ocrx_word' id='word_1_43' title='bbox 679 915 752 980; x_wconf 88' lang='lat' dir='ltr'>Rex</span> <span class='ocrx_word' id='word_1_44' title='bbox 767 916 864 1000; x_wconf 86' lang='lat' dir='ltr'>igitur</span> <span class='ocrx_word' id='word_1_45' title='bbox 876 930 908 981; x_wconf 93' lang='lat' dir='ltr'>et</span> <span class='ocrx_word' id='word_1_46' title='bbox 921 917 1050 1002; x_wconf 90' lang='lat' dir='ltr'>Martyr</span> <span class='ocrx_word' id='word_1_47' title='bbox 1065 915 1205 993; x_wconf 89' lang='lat' dir='ltr'>Oswine,</span> 
     </span>
     <span class='ocr_line' id='line_1_7' title="bbox 58 1001 1208 1087; baseline 0 -21"><span class='ocrx_word' id='word_1_48' title='bbox 58 1002 176 1068; x_wconf 87' lang='lat' dir='ltr'>nostris</span> <span class='ocrx_word' id='word_1_49' title='bbox 190 1001 338 1087; x_wconf 87' lang='lat' dir='ltr'>precibus</span> <span class='ocrx_word' id='word_1_50' title='bbox 353 1025 463 1066; x_wconf 89' lang='lat' dir='ltr'>aurem</span> <span class='ocrx_word' id='word_1_51' title='bbox 476 1001 593 1066; x_wconf 88' lang='lat' dir='ltr'>inclina</span> <span class='ocrx_word' id='word_1_52' title='bbox 607 1002 816 1066; x_wconf 76' lang='lat' dir='ltr'>serenissimae</span> <span class='ocrx_word' id='word_1_53' title='bbox 828 1003 1006 1067; x_wconf 86' lang='lat' dir='ltr'>clementiae</span> <span class='ocrx_word' id='word_1_54' title='bbox 1023 1016 1098 1079; x_wconf 88' lang='lat' dir='ltr'>tuae,</span> <span class='ocrx_word' id='word_1_55' title='bbox 1112 1016 1150 1066; x_wconf 82' lang='lat' dir='ltr'>et</span> <span class='ocrx_word' id='word_1_56' title='bbox 1165 1003 1208 1067; x_wconf 89' lang='lat' dir='ltr'>ad</span> 
     </span>
     <span class='ocr_line' id='line_1_8' title="bbox 58 1088 1209 1177; baseline -0.002 -23"><span class='ocrx_word' id='word_1_57' title='bbox 58 1089 193 1155; x_wconf 88' lang='lat' dir='ltr'>celebris</span> <span class='ocrx_word' id='word_1_58' title='bbox 214 1088 409 1174; x_wconf 89' lang='lat' dir='ltr'>inventionis</span> <span class='ocrx_word' id='word_1_59' title='bbox 426 1101 491 1154; x_wconf 88' lang='lat' dir='ltr'>tuae</span> <span class='ocrx_word' id='word_1_60' title='bbox 509 1089 648 1173; x_wconf 86' lang='lat' dir='ltr'>&#39;gloriam</span> <span class='ocrx_word' id='word_1_61' title='bbox 671 1089 936 1158; x_wconf 83' lang='lat' dir='ltr'>reconciliationis</span> <span class='ocrx_word' id='word_1_62' title='bbox 958 1090 1094 1177; x_wconf 83' lang='lat' dir='ltr'>gratiam</span> <span class='ocrx_word' id='word_1_63' title='bbox 1110 1089 1209 1153; x_wconf 92' lang='lat' dir='ltr'>hodie</span> 
     </span>
     <span class='ocr_line' id='line_1_9' title="bbox 56 1175 1209 1242; baseline -0.002 -1"><span class='ocrx_word' id='word_1_64' title='bbox 56 1187 241 1242; x_wconf 88' lang='lat' dir='ltr'>mereantur</span> <span class='ocrx_word' id='word_1_65' title='bbox 254 1189 374 1240; x_wconf 86' lang='lat' dir='ltr'>nostrae</span> <span class='ocrx_word' id='word_1_66' title='bbox 386 1175 531 1240; x_wconf 83' lang='lat' dir='ltr'>miseriae.</span> <span class='ocrx_word' id='word_1_67' title='bbox 579 1176 689 1240; x_wconf 88' lang='lat' dir='ltr'>Passio</span> <span class='ocrx_word' id='word_1_68' title='bbox 700 1188 756 1240; x_wconf 90' lang='lat' dir='ltr'>tua</span> <span class='ocrx_word' id='word_1_69' title='bbox 767 1190 877 1241; x_wconf 87' lang='lat' dir='ltr'>sancta</span> <span class='ocrx_word' id='word_1_70' title='bbox 891 1176 950 1241; x_wconf 89' lang='lat' dir='ltr'>soli</span> <span class='ocrx_word' id='word_1_71' title='bbox 967 1176 1024 1240; x_wconf 90' lang='lat' dir='ltr'>tibi</span> <span class='ocrx_word' id='word_1_72' title='bbox 1040 1176 1209 1240; x_wconf 90' lang='lat' dir='ltr'>concinnet</span> 
     </span>
     <span class='ocr_line' id='line_1_10' title="bbox 57 1261 1208 1348; baseline -0.003 -20"><span class='ocrx_word' id='word_1_73' title='bbox 57 1262 247 1328; x_wconf 84' lang='lat' dir='ltr'>aeternitatis</span> <span class='ocrx_word' id='word_1_74' title='bbox 263 1262 479 1338; x_wconf 85' lang='lat' dir='ltr'>domicilium3</span> <span class='ocrx_word' id='word_1_75' title='bbox 495 1262 636 1326; x_wconf 81' lang='lat' dir='ltr'>inventio</span> <span class='ocrx_word' id='word_1_76' title='bbox 652 1261 729 1326; x_wconf 81' lang='lat' dir='ltr'>verb</span> <span class='ocrx_word' id='word_1_77' title='bbox 745 1263 897 1348; x_wconf 89' lang='lat' dir='ltr'>corporis,</span> <span class='ocrx_word' id='word_1_78' title='bbox 915 1264 1071 1328; x_wconf 85' lang='lat' dir='ltr'>universae</span> <span class='ocrx_word' id='word_1_79' title='bbox 1086 1262 1208 1326; x_wconf 88' lang='lat' dir='ltr'>nationi</span> 
     </span>
     <span class='ocr_line' id='line_1_11' title="bbox 56 1348 1208 1438; baseline -0.003 -22"><span class='ocrx_word' id='word_1_80' title='bbox 56 1350 216 1438; x_wconf 88' lang='lat' dir='ltr'>Anglicoe,</span> <span class='ocrx_word' id='word_1_81' title='bbox 234 1362 300 1413; x_wconf 86' lang='lat' dir='ltr'>tam</span> <span class='ocrx_word' id='word_1_82' title='bbox 323 1348 424 1412; x_wconf 91' lang='lat' dir='ltr'>incliti</span> <span class='ocrx_word' id='word_1_83' title='bbox 439 1348 587 1414; x_wconf 86' lang='lat' dir='ltr'>advocati</span> <span class='ocrx_word' id='word_1_84' title='bbox 602 1349 761 1414; x_wconf 84' lang='lat' dir='ltr'>diffundat</span> <span class='ocrx_word' id='word_1_85' title='bbox 783 1349 1007 1434; x_wconf 87' lang='lat' dir='ltr'>patrocinium.</span> <span class='ocrx_word' id='word_1_86' title='bbox 1055 1349 1208 1412; x_wconf 85' lang='lat' dir='ltr'>Gaudeat</span> 
     </span>
     <span class='ocr_line' id='line_1_12' title="bbox 61 1434 1208 1523; baseline -0.004 -21"><span class='ocrx_word' id='word_1_87' title='bbox 61 1437 179 1523; x_wconf 77' lang='lat' dir='ltr'>anglia</span> <span class='ocrx_word' id='word_1_88' title='bbox 193 1449 226 1501; x_wconf 91' lang='lat' dir='ltr'>et</span> <span class='ocrx_word' id='word_1_89' title='bbox 242 1436 408 1520; x_wconf 87' lang='lat' dir='ltr'>plenitudo</span> <span class='ocrx_word' id='word_1_90' title='bbox 424 1437 491 1522; x_wconf 89' lang='lat' dir='ltr'>ejus</span> <span class='ocrx_word' id='word_1_91' title='bbox 507 1437 595 1522; x_wconf 91' lang='lat' dir='ltr'>quod</span> <span class='ocrx_word' id='word_1_92' title='bbox 610 1437 651 1500; x_wconf 93' lang='lat' dir='ltr'>de</span> <span class='ocrx_word' id='word_1_93' title='bbox 667 1459 701 1500; x_wconf 92' lang='lat' dir='ltr'>se</span> <span class='ocrx_word' id='word_1_94' title='bbox 717 1436 887 1521; x_wconf 91' lang='lat' dir='ltr'>protulerit</span> <span class='ocrx_word' id='word_1_95' title='bbox 906 1437 1052 1500; x_wconf 90' lang='lat' dir='ltr'>arborem</span> <span class='ocrx_word' id='word_1_96' title='bbox 1067 1435 1101 1498; x_wconf 89' lang='lat' dir='ltr'>in</span> <span class='ocrx_word' id='word_1_97' title='bbox 1116 1434 1208 1499; x_wconf 88' lang='lat' dir='ltr'>terris</span> 
     </span>
     <span class='ocr_line' id='line_1_13' title="bbox 56 1522 1209 1610; baseline -0.002 -23"><span class='ocrx_word' id='word_1_98' title='bbox 56 1524 189 1610; x_wconf 92' lang='lat' dir='ltr'>quidem</span> <span class='ocrx_word' id='word_1_99' title='bbox 203 1545 294 1587; x_wconf 84' lang='lat' dir='ltr'>secus</span> <span class='ocrx_word' id='word_1_100' title='bbox 310 1523 461 1588; x_wconf 90' lang='lat' dir='ltr'>decursus</span> <span class='ocrx_word' id='word_1_101' title='bbox 477 1545 630 1610; x_wconf 88' lang='lat' dir='ltr'>aquarum</span> <span class='ocrx_word' id='word_1_102' title='bbox 647 1523 834 1606; x_wconf 88' lang='lat' dir='ltr'>plantatam,</span> <span class='ocrx_word' id='word_1_103' title='bbox 852 1536 884 1588; x_wconf 91' lang='lat' dir='ltr'>et</span> <span class='ocrx_word' id='word_1_104' title='bbox 900 1523 1052 1586; x_wconf 89' lang='lat' dir='ltr'>cimarum</span> <span class='ocrx_word' id='word_1_105' title='bbox 1068 1522 1209 1607; x_wconf 89' lang='lat' dir='ltr'>proceri·</span> 
     </span>
     <span class='ocr_line' id='line_1_14' title="bbox 58 1609 1208 1697; baseline -0.002 -23"><span class='ocrx_word' id='word_1_106' title='bbox 58 1623 127 1676; x_wconf 90' lang='lat' dir='ltr'>tate</span> <span class='ocrx_word' id='word_1_107' title='bbox 149 1632 245 1695; x_wconf 92' lang='lat' dir='ltr'>super</span> <span class='ocrx_word' id='word_1_108' title='bbox 267 1610 362 1675; x_wconf 83' lang='lat' dir='ltr'>caelos</span> <span class='ocrx_word' id='word_1_109' title='bbox 384 1611 571 1674; x_wconf 88' lang='lat' dir='ltr'>exaltatam.</span> <span class='ocrx_word' id='word_1_110' title='bbox 621 1610 792 1674; x_wconf 87' lang='lat' dir='ltr'>Gaudeant</span> <span class='ocrx_word' id='word_1_111' title='bbox 815 1609 995 1694; x_wconf 87' lang='lat' dir='ltr'>specialiter</span> <span class='ocrx_word' id='word_1_112' title='bbox 1021 1609 1131 1694; x_wconf 88' lang='lat' dir='ltr'>Deyri,</span> <span class='ocrx_word' id='word_1_113' title='bbox 1152 1611 1208 1697; x_wconf 91' lang='lat' dir='ltr'>qui</span> 
     </span>
     <span class='ocr_line' id='line_1_15' title="bbox 57 1695 1205 1781; baseline -0.001 -21"><span class='ocrx_word' id='word_1_114' title='bbox 57 1720 168 1781; x_wconf 84' lang='lat' dir='ltr'>regem</span> <span class='ocrx_word' id='word_1_115' title='bbox 184 1719 276 1760; x_wconf 86' lang='lat' dir='ltr'>suurn</span> <span class='ocrx_word' id='word_1_116' title='bbox 295 1697 327 1759; x_wconf 93' lang='lat' dir='ltr'>in</span> <span class='ocrx_word' id='word_1_117' title='bbox 345 1709 519 1781; x_wconf 89' lang='lat' dir='ltr'>patronum</span> <span class='ocrx_word' id='word_1_118' title='bbox 537 1719 631 1760; x_wconf 92' lang='lat' dir='ltr'>suum</span> <span class='ocrx_word' id='word_1_119' title='bbox 649 1710 938 1774; x_wconf 87' lang='lat' dir='ltr'>commutaverunt,</span> <span class='ocrx_word' id='word_1_120' title='bbox 957 1710 990 1760; x_wconf 90' lang='lat' dir='ltr'>et</span> <span class='ocrx_word' id='word_1_121' title='bbox 1009 1696 1050 1760; x_wconf 88' lang='lat' dir='ltr'>de</span> <span class='ocrx_word' id='word_1_122' title='bbox 1065 1695 1112 1759; x_wconf 75' lang='lat' dir='ltr'>ira</span> <span class='ocrx_word' id='word_1_123' title='bbox 1131 1696 1205 1773; x_wconf 92' lang='lat' dir='ltr'>Dei,</span> 
     </span>
     <span class='ocr_line' id='line_1_16' title="bbox 57 1783 1208 1875; baseline 0 -27"><span class='ocrx_word' id='word_1_124' title='bbox 57 1789 125 1871; x_wconf 90' lang='lat' dir='ltr'>ejus</span> <span class='ocrx_word' id='word_1_125' title='bbox 141 1783 318 1869; x_wconf 91' lang='lat' dir='ltr'>patrocinio</span> <span class='ocrx_word' id='word_1_126' title='bbox 330 1783 398 1847; x_wconf 86' lang='lat' dir='ltr'>erui</span> <span class='ocrx_word' id='word_1_127' title='bbox 413 1796 609 1848; x_wconf 88' lang='lat' dir='ltr'>meruerunt.</span> <span class='ocrx_word' id='word_1_128' title='bbox 656 1784 797 1848; x_wconf 92' lang='lat' dir='ltr'>Doleant</span> <span class='ocrx_word' id='word_1_129' title='bbox 816 1783 955 1875; x_wconf 83' lang='lat' dir='ltr'>Bernicii</span> <span class='ocrx_word' id='word_1_130' title='bbox 970 1807 1028 1847; x_wconf 91' lang='lat' dir='ltr'>suo</span> <span class='ocrx_word' id='word_1_131' title='bbox 1039 1784 1154 1870; x_wconf 88' lang='lat' dir='ltr'>jugulo</span> <span class='ocrx_word' id='word_1_132' title='bbox 1166 1783 1208 1848; x_wconf 90' lang='lat' dir='ltr'>de</span> 
     </span>
     <span class='ocr_line' id='line_1_17' title="bbox 58 1870 1208 1956; baseline -0.001 -21"><span class='ocrx_word' id='word_1_133' title='bbox 58 1871 166 1936; x_wconf 92' lang='lat' dir='ltr'>medio</span> <span class='ocrx_word' id='word_1_134' title='bbox 189 1871 349 1934; x_wconf 88' lang='lat' dir='ltr'>sublatum</span> <span class='ocrx_word' id='word_1_135' title='bbox 372 1870 560 1935; x_wconf 89' lang='lat' dir='ltr'>humilitatis</span> <span class='ocrx_word' id='word_1_136' title='bbox 583 1871 756 1956; x_wconf 87' lang='lat' dir='ltr'>speculum,</span> <span class='ocrx_word' id='word_1_137' title='bbox 782 1871 936 1935; x_wconf 88' lang='lat' dir='ltr'>castitatis</span> <span class='ocrx_word' id='word_1_138' title='bbox 963 1870 1146 1948; x_wconf 91' lang='lat' dir='ltr'>sacrarium,</span> <span class='ocrx_word' id='word_1_139' title='bbox 1175 1883 1208 1934; x_wconf 90' lang='lat' dir='ltr'>et</span> 
     </span>
     <span class='ocr_line' id='line_1_18' title="bbox 58 1956 1209 2043; baseline -0.003 -21"><span class='ocrx_word' id='word_1_140' title='bbox 58 1957 231 2022; x_wconf 91' lang='lat' dir='ltr'>triclinium</span> <span class='ocrx_word' id='word_1_141' title='bbox 254 1957 405 2022; x_wconf 88' lang='lat' dir='ltr'>caritatis.</span> <span class='ocrx_word' id='word_1_142' title='bbox 452 1958 589 2022; x_wconf 80' lang='lat' dir='ltr'>Discunt</span> <span class='ocrx_word' id='word_1_143' title='bbox 610 1980 669 2043; x_wconf 88' lang='lat' dir='ltr'>pro</span> <span class='ocrx_word' id='word_1_144' title='bbox 685 1960 770 2022; x_wconf 90' lang='lat' dir='ltr'>malo</span> <span class='ocrx_word' id='word_1_145' title='bbox 785 1959 905 2021; x_wconf 93' lang='lat' dir='ltr'>bonum</span> <span class='ocrx_word' id='word_1_146' title='bbox 921 1957 1066 2034; x_wconf 90' lang='lat' dir='ltr'>reddere,</span> <span class='ocrx_word' id='word_1_147' title='bbox 1084 1956 1139 2043; x_wconf 93' lang='lat' dir='ltr'>qui</span> <span class='ocrx_word' id='word_1_148' title='bbox 1161 1956 1209 2019; x_wconf 92' lang='lat' dir='ltr'>in-</span> 
     </span>
     <span class='ocr_line' id='line_1_19' title="bbox 59 2042 1207 2129; baseline -0.002 -21"><span class='ocrx_word' id='word_1_149' title='bbox 59 2045 218 2110; x_wconf 87' lang='lat' dir='ltr'>ventionis</span> <span class='ocrx_word' id='word_1_150' title='bbox 232 2059 376 2128; x_wconf 81' lang='lat' dir='ltr'>ternpore</span> <span class='ocrx_word' id='word_1_151' title='bbox 395 2045 574 2129; x_wconf 89' lang='lat' dir='ltr'>propicium</span> <span class='ocrx_word' id='word_1_152' title='bbox 589 2045 730 2108; x_wconf 90' lang='lat' dir='ltr'>sentiunt</span> <span class='ocrx_word' id='word_1_153' title='bbox 752 2067 812 2128; x_wconf 91' lang='lat' dir='ltr'>pro</span> <span class='ocrx_word' id='word_1_154' title='bbox 827 2044 1015 2108; x_wconf 88' lang='lat' dir='ltr'>meritorum</span> <span class='ocrx_word' id='word_1_155' title='bbox 1035 2042 1207 2127; x_wconf 70' lang='lat' dir='ltr'>exigentia,</span> 
     </span>
     <span class='ocr_line' id='line_1_20' title="bbox 58 2130 1208 2218; baseline -0.001 -24"><span class='ocrx_word' id='word_1_156' title='bbox 58 2154 156 2218; x_wconf 90' lang='lat' dir='ltr'>quem</span> <span class='ocrx_word' id='word_1_157' title='bbox 170 2131 323 2216; x_wconf 89' lang='lat' dir='ltr'>passionis</span> <span class='ocrx_word' id='word_1_158' title='bbox 339 2131 473 2196; x_wconf 86' lang='lat' dir='ltr'>articulo</span> <span class='ocrx_word' id='word_1_159' title='bbox 488 2132 666 2196; x_wconf 87' lang='lat' dir='ltr'>forantibus</span> <span class='ocrx_word' id='word_1_160' title='bbox 677 2131 792 2215; x_wconf 88' lang='lat' dir='ltr'>jaculis</span> <span class='ocrx_word' id='word_1_161' title='bbox 808 2131 1032 2208; x_wconf 89' lang='lat' dir='ltr'>confoderunt,</span> <span class='ocrx_word' id='word_1_162' title='bbox 1050 2153 1109 2215; x_wconf 91' lang='lat' dir='ltr'>pro</span> <span class='ocrx_word' id='word_1_163' title='bbox 1124 2130 1208 2214; x_wconf 84' lang='lat' dir='ltr'>regis</span> 
     </span>
     <span class='ocr_line' id='line_1_21' title="bbox 59 2217 1207 2305; baseline 0.001 -24"><span class='ocrx_word' id='word_1_164' title='bbox 59 2219 107 2282; x_wconf 89' lang='lat' dir='ltr'>sni</span> <span class='ocrx_word' id='word_1_165' title='bbox 123 2219 312 2302; x_wconf 72' lang='lat' dir='ltr'>complenda</span> <span class='ocrx_word' id='word_1_166' title='bbox 326 2218 478 2305; x_wconf 70' lang='lat' dir='ltr'>nequitia.</span> <span class='ocrx_word' id='word_1_167' title='bbox 498 2220 690 2284; x_wconf 88' lang='lat' dir='ltr'>Studeamus</span> <span class='ocrx_word' id='word_1_168' title='bbox 707 2231 740 2282; x_wconf 91' lang='lat' dir='ltr'>et</span> <span class='ocrx_word' id='word_1_169' title='bbox 755 2241 813 2282; x_wconf 89' lang='lat' dir='ltr'>nos</span> <span class='ocrx_word' id='word_1_170' title='bbox 829 2241 901 2282; x_wconf 88' lang='lat' dir='ltr'>cum</span> <span class='ocrx_word' id='word_1_171' title='bbox 920 2217 1036 2303; x_wconf 91' lang='lat' dir='ltr'>Deyris</span> <span class='ocrx_word' id='word_1_172' title='bbox 1056 2218 1207 2301; x_wconf 87' lang='lat' dir='ltr'>gaudere,</span> 
     </span>
     <span class='ocr_line' id='line_1_22' title="bbox 59 2304 1209 2389; baseline -0.002 -20"><span class='ocrx_word' id='word_1_173' title='bbox 59 2320 93 2370; x_wconf 93' lang='lat' dir='ltr'>et</span> <span class='ocrx_word' id='word_1_174' title='bbox 116 2329 189 2370; x_wconf 92' lang='lat' dir='ltr'>cum</span> <span class='ocrx_word' id='word_1_175' title='bbox 209 2305 362 2369; x_wconf 89' lang='lat' dir='ltr'>Berniciis</span> <span class='ocrx_word' id='word_1_176' title='bbox 382 2329 550 2370; x_wconf 87' lang='lat' dir='ltr'>caveamus</span> <span class='ocrx_word' id='word_1_177' title='bbox 566 2306 675 2370; x_wconf 89' lang='lat' dir='ltr'>dolere</span> <span class='ocrx_word' id='word_1_178' title='bbox 686 2330 694 2380; x_wconf 85' lang='lat'><em>3</em></span> <span class='ocrx_word' id='word_1_179' title='bbox 719 2317 755 2369; x_wconf 90' lang='lat' dir='ltr'>ut</span> <span class='ocrx_word' id='word_1_180' title='bbox 774 2306 806 2369; x_wconf 91' lang='lat' dir='ltr'>in</span> <span class='ocrx_word' id='word_1_181' title='bbox 827 2306 973 2369; x_wconf 91' lang='lat' dir='ltr'>omnibus</span> <span class='ocrx_word' id='word_1_182' title='bbox 993 2304 1124 2389; x_wconf 89' lang='lat' dir='ltr'>agendis</span> <span class='ocrx_word' id='word_1_183' title='bbox 1140 2306 1209 2388; x_wconf 90' lang='lat' dir='ltr'>ejus</span> 
     </span>
     <span class='ocr_line' id='line_1_23' title="bbox 58 2391 1208 2479; baseline -0.002 -22"><span class='ocrx_word' id='word_1_184' title='bbox 58 2405 226 2478; x_wconf 89' lang='lat' dir='ltr'>patronam</span> <span class='ocrx_word' id='word_1_185' title='bbox 252 2392 424 2457; x_wconf 86' lang='lat' dir='ltr'>sentiamus</span> <span class='ocrx_word' id='word_1_186' title='bbox 451 2393 665 2470; x_wconf 87' lang='lat' dir='ltr'>clementiam,</span> <span class='ocrx_word' id='word_1_187' title='bbox 690 2392 745 2479; x_wconf 91' lang='lat' dir='ltr'>qui</span> <span class='ocrx_word' id='word_1_188' title='bbox 773 2392 904 2456; x_wconf 92' lang='lat' dir='ltr'>Domini</span> <span class='ocrx_word' id='word_1_189' title='bbox 931 2392 1032 2456; x_wconf 84' lang='lat' dir='ltr'>lhesu</span> <span class='ocrx_word' id='word_1_190' title='bbox 1055 2392 1088 2454; x_wconf 94' lang='lat' dir='ltr'>in</span> <span class='ocrx_word' id='word_1_191' title='bbox 1114 2391 1208 2455; x_wconf 92' lang='lat' dir='ltr'>nullis</span> 
     </span>
    </p>
   </div>
   <div class='ocr_carea' id='block_1_3' title="bbox 59 2478 1208 2718">
    <p class='ocr_par' dir='ltr' id='par_1_3' title="bbox 59 2478 1208 2718">
     <span class='ocr_line' id='line_1_24' title="bbox 59 2478 1208 2568; baseline -0.001 -25"><span class='ocrx_word' id='word_1_192' title='bbox 59 2479 193 2544; x_wconf 86' lang='lat' dir='ltr'>offendit</span> <span class='ocrx_word' id='word_1_193' title='bbox 223 2480 432 2557; x_wconf 85' lang='lat' dir='ltr'>voluntatem,</span> <span class='ocrx_word' id='word_1_194' title='bbox 464 2480 619 2568; x_wconf 88' lang='lat' dir='ltr'>largiente</span> <span class='ocrx_word' id='word_1_195' title='bbox 650 2480 764 2543; x_wconf 89' lang='lat' dir='ltr'>eodem</span> <span class='ocrx_word' id='word_1_196' title='bbox 796 2479 938 2544; x_wconf 91' lang='lat' dir='ltr'>Domino</span> <span class='ocrx_word' id='word_1_197' title='bbox 967 2492 1078 2543; x_wconf 90' lang='lat' dir='ltr'>nostro</span> <span class='ocrx_word' id='word_1_198' title='bbox 1108 2478 1208 2552; x_wconf 88' lang='lat' dir='ltr'>Jhcsu</span> 
     </span>
     <span class='ocr_line' id='line_1_25' title="bbox 61 2565 1208 2717; baseline 0.001 -88"><span class='ocrx_word' id='word_1_199' title='bbox 61 2567 180 2717; x_wconf 55' lang='grc' dir='ltr'><strong>ἓτίεῑο,</strong></span> <span class='ocrx_word' id='word_1_200' title='bbox 198 2565 249 2629; x_wconf 90' lang='lat' dir='ltr'>cui</span> <span class='ocrx_word' id='word_1_201' title='bbox 268 2579 317 2630; x_wconf 88' lang='lat' dir='ltr'>est</span> <span class='ocrx_word' id='word_1_202' title='bbox 337 2588 411 2631; x_wconf 88' lang='lat' dir='ltr'>cum</span> <span class='ocrx_word' id='word_1_203' title='bbox 433 2566 530 2631; x_wconf 90' lang='lat' dir='ltr'>Patre</span> <span class='ocrx_word' id='word_1_204' title='bbox 550 2581 582 2632; x_wconf 92' lang='lat' dir='ltr'>et</span> <span class='ocrx_word' id='word_1_205' title='bbox 606 2566 727 2651; x_wconf 89' lang='lat' dir='ltr'>Spiritu</span> <span class='ocrx_word' id='word_1_206' title='bbox 751 2568 871 2631; x_wconf 86' lang='lat' dir='ltr'>Sancto</span> <span class='ocrx_word' id='word_1_207' title='bbox 886 2566 1080 2650; x_wconf 87' lang='lat' dir='ltr'>sempiterna</span> <span class='ocrx_word' id='word_1_208' title='bbox 1095 2565 1208 2650; x_wconf 86' lang='lat' dir='ltr'>gloria.</span> 
     </span>
     <span class='ocr_line' id='line_1_26' title="bbox 93 2675 180 2718; baseline 0 0"><span class='ocrx_word' id='word_1_209' title='bbox 93 2675 180 2718; x_wconf 80' lang='lat' dir='ltr'>usu.</span> 
     </span>
    </p>
   </div>
   <div class='ocr_carea' id='block_1_4' title="bbox 60 2913 1267 3260">
    <p class='ocr_par' dir='ltr' id='par_1_4' title="bbox 60 2913 1267 3260">
     <span class='ocr_line' id='line_1_27' title="bbox 60 2913 1212 2997; baseline -0.003 -15"><span class='ocrx_word' id='word_1_210' title='bbox 60 2916 160 2982; x_wconf 83' lang='lat' dir='ltr'>CAP.</span> <span class='ocrx_word' id='word_1_211' title='bbox 181 2913 377 2997; x_wconf 58' lang='lat' dir='ltr'>lK-Iaeipit</span> <span class='ocrx_word' id='word_1_212' title='bbox 392 2916 541 2997; x_wconf 64' lang='lat' dir='ltr'>praefatio</span> <span class='ocrx_word' id='word_1_213' title='bbox 561 2917 599 2978; x_wconf 87' lang='lat' dir='ltr'>de</span> <span class='ocrx_word' id='word_1_214' title='bbox 618 2919 780 2980; x_wconf 74' lang='lat' dir='ltr'>eirnttibue</span> <span class='ocrx_word' id='word_1_215' title='bbox 801 2925 831 2979; x_wconf 91' lang='lat' dir='ltr'>et</span> <span class='ocrx_word' id='word_1_216' title='bbox 851 2917 1011 2980; x_wconf 81' lang='lat' dir='ltr'>miraculis</span> <span class='ocrx_word' id='word_1_217' title='bbox 1030 2916 1160 2996; x_wconf 68' lang='lat' dir='ltr'>plorioei</span> <span class='ocrx_word' id='word_1_218' title='bbox 1181 2925 1212 2979; x_wconf 89' lang='lat' dir='ltr'>et</span> 
     </span>
     <span class='ocr_line' id='line_1_28' title="bbox 145 3001 1267 3084; baseline -0.002 -16"><span class='ocrx_word' id='word_1_219' title='bbox 145 3003 453 3083; x_wconf 62' lang='lat' dir='ltr'>sanctuariumque</span> <span class='ocrx_word' id='word_1_220' title='bbox 469 3001 814 3084; x_wconf 70' lang='lat' dir='ltr'>MartyrirDeprorum</span> <span class='ocrx_word' id='word_1_221' title='bbox 833 3004 965 3078; x_wconf 80' lang='lat' dir='ltr'>Oewini,</span> <span class='ocrx_word' id='word_1_222' title='bbox 981 3023 1050 3084; x_wconf 83' lang='lat' dir='ltr'>quae</span> <span class='ocrx_word' id='word_1_223' title='bbox 1058 3010 1133 3084; x_wconf 83' lang='lat' dir='ltr'>poet</span> <span class='ocrx_word' id='word_1_224' title='bbox 1144 3004 1210 3084; x_wconf 54' lang='grc' dir='ltr'>(με</span> <span class='ocrx_word' id='word_1_225' title='bbox 1262 3019 1267 3034; x_wconf 77' lang='grc'><em>“</em></span> 
     </span>
     <span class='ocr_line' id='line_1_29' title="bbox 146 3089 1209 3173; baseline 0 -21"><span class='ocrx_word' id='word_1_226' title='bbox 146 3091 284 3169; x_wconf 78' lang='lat' dir='ltr'>eorporis</span> <span class='ocrx_word' id='word_1_227' title='bbox 306 3091 518 3153; x_wconf 81' lang='lat' dir='ltr'>revelationem</span> <span class='ocrx_word' id='word_1_228' title='bbox 539 3089 628 3170; x_wconf 70' lang='lat' dir='ltr'>lotape*</span> <span class='ocrx_word' id='word_1_229' title='bbox 647 3090 765 3173; x_wconf 70' lang='lat' dir='ltr'>lateque</span> <span class='ocrx_word' id='word_1_230' title='bbox 779 3093 940 3173; x_wconf 64' lang='lat' dir='ltr'>divulgata</span> <span class='ocrx_word' id='word_1_231' title='bbox 955 3098 1034 3166; x_wconf 80' lang='lat' dir='ltr'>suat,</span> <span class='ocrx_word' id='word_1_232' title='bbox 1051 3098 1081 3153; x_wconf 87' lang='lat' dir='ltr'>et</span> <span class='ocrx_word' id='word_1_233' title='bbox 1093 3110 1161 3172; x_wconf 81' lang='lat' dir='ltr'>que</span> <span class='ocrx_word' id='word_1_234' title='bbox 1175 3093 1209 3152; x_wconf 81' lang='lat' dir='ltr'>iu</span> 
     </span>
     <span class='ocr_line' id='line_1_30' title="bbox 144 3177 658 3260; baseline -0.002 -21"><span class='ocrx_word' id='word_1_235' title='bbox 144 3179 280 3260; x_wconf 66' lang='lat' dir='ltr'>maaimd</span> <span class='ocrx_word' id='word_1_236' title='bbox 295 3179 486 3240; x_wconf 81' lang='lat' dir='ltr'>veneratione</span> <span class='ocrx_word' id='word_1_237' title='bbox 500 3177 658 3240; x_wconf 76' lang='lat' dir='ltr'>habeatur.</span> 
     </span>
    </p>
   </div>
   <div class='ocr_carea' id='block_1_5' title="bbox 58 3348 1261 4547">
    <p class='ocr_par' dir='ltr' id='par_1_5' title="bbox 58 3348 1261 4481">
     <span class='ocr_line' id='line_1_31' title="bbox 108 3348 1207 3435; baseline 0.001 -22"><span class='ocrx_word' id='word_1_238' title='bbox 108 3348 331 3426; x_wconf 85' lang='lat' dir='ltr'>Ordinaturus¹</span> <span class='ocrx_word' id='word_1_239' title='bbox 345 3349 499 3414; x_wconf 88' lang='lat' dir='ltr'>miracula</span> <span class='ocrx_word' id='word_1_240' title='bbox 528 3372 600 3435; x_wconf 85' lang='lat' dir='ltr'>quae</span> <span class='ocrx_word' id='word_1_241' title='bbox 632 3349 723 3412; x_wconf 92' lang='lat' dir='ltr'>Deus</span> <span class='ocrx_word' id='word_1_242' title='bbox 747 3370 805 3432; x_wconf 92' lang='lat' dir='ltr'>per</span> <span class='ocrx_word' id='word_1_243' title='bbox 839 3350 993 3413; x_wconf 85' lang='lat' dir='ltr'>Sanctum</span> <span class='ocrx_word' id='word_1_244' title='bbox 1023 3348 1207 3435; x_wconf 87' lang='lat' dir='ltr'>Deyrorum</span> 
     </span>
     <span class='ocr_line' id='line_1_32' title="bbox 63 3435 1261 3522; baseline 0.001 -22"><span class='ocrx_word' id='word_1_245' title='bbox 63 3437 188 3520; x_wconf 83' lang='lat' dir='ltr'>Regem</span> <span class='ocrx_word' id='word_1_246' title='bbox 211 3450 245 3502; x_wconf 92' lang='lat' dir='ltr'>et</span> <span class='ocrx_word' id='word_1_247' title='bbox 269 3437 452 3522; x_wconf 86' lang='lat' dir='ltr'>Martyrum</span> <span class='ocrx_word' id='word_1_248' title='bbox 472 3436 635 3500; x_wconf 92' lang='lat' dir='ltr'>Oswinum</span> <span class='ocrx_word' id='word_1_249' title='bbox 655 3435 830 3512; x_wconf 83' lang='lat' dir='ltr'>innovavit,</span> <span class='ocrx_word' id='word_1_250' title='bbox 848 3436 1018 3499; x_wconf 86' lang='lat' dir='ltr'>exordium</span> <span class='ocrx_word' id='word_1_251' title='bbox 1033 3435 1165 3501; x_wconf 91' lang='lat' dir='ltr'>instituo</span> <span class='ocrx_word' id='word_1_252' title='bbox 1188 3438 1208 3501; x_wconf 77' lang='lat' dir='ltr'>a</span> <span class='ocrx_word' id='word_1_253' title='bbox 1259 3439 1261 3442; x_wconf 44' lang='lat'><em>⁴</em></span> 
     </span>
     <span class='ocr_line' id='line_1_33' title="bbox 59 3522 1208 3609; baseline 0.002 -23"><span class='ocrx_word' id='word_1_254' title='bbox 59 3524 202 3588; x_wconf 87' lang='lat' dir='ltr'>veritatis</span> <span class='ocrx_word' id='word_1_255' title='bbox 227 3547 308 3589; x_wconf 83' lang='lat' dir='ltr'>voce</span> <span class='ocrx_word' id='word_1_256' title='bbox 330 3547 403 3609; x_wconf 86' lang='lat' dir='ltr'>quae</span> <span class='ocrx_word' id='word_1_257' title='bbox 425 3522 519 3600; x_wconf 87' lang='lat' dir='ltr'>dixit,</span> <span class='ocrx_word' id='word_1_258' title='bbox 544 3546 643 3608; x_wconf 88' lang='lat' dir='ltr'>opera</span> <span class='ocrx_word' id='word_1_259' title='bbox 658 3546 731 3608; x_wconf 87' lang='lat' dir='ltr'>quae</span> <span class='ocrx_word' id='word_1_260' title='bbox 751 3523 887 3586; x_wconf 88' lang='lat' dir='ltr'>Sanctus</span> <span class='ocrx_word' id='word_1_261' title='bbox 913 3522 987 3586; x_wconf 85' lang='lat' dir='ltr'>Rex</span> <span class='ocrx_word' id='word_1_262' title='bbox 1009 3522 1097 3601; x_wconf 83' lang='lat' dir='ltr'>facit,</span> <span class='ocrx_word' id='word_1_263' title='bbox 1118 3525 1208 3588; x_wconf 91' lang='lat' dir='ltr'>testi-</span> 
     </span>
     <span class='ocr_line' id='line_1_34' title="bbox 60 3607 1206 3695; baseline 0.001 -22"><span class='ocrx_word' id='word_1_264' title='bbox 60 3610 204 3674; x_wconf 92' lang='lat' dir='ltr'>monium</span> <span class='ocrx_word' id='word_1_265' title='bbox 216 3611 386 3695; x_wconf 90' lang='lat' dir='ltr'>perhibent</span> <span class='ocrx_word' id='word_1_266' title='bbox 401 3609 442 3673; x_wconf 92' lang='lat' dir='ltr'>de</span> <span class='ocrx_word' id='word_1_267' title='bbox 457 3609 523 3674; x_wconf 91' lang='lat' dir='ltr'>illo.</span> <span class='ocrx_word' id='word_1_268' title='bbox 557 3610 600 3674; x_wconf 89' lang='lat' dir='ltr'>Et</span> <span class='ocrx_word' id='word_1_269' title='bbox 615 3610 690 3674; x_wconf 89' lang='lat' dir='ltr'>ideo</span> <span class='ocrx_word' id='word_1_270' title='bbox 705 3610 780 3673; x_wconf 89' lang='lat' dir='ltr'>licet</span> <span class='ocrx_word' id='word_1_271' title='bbox 795 3612 863 3695; x_wconf 90' lang='lat' dir='ltr'>ejus</span> <span class='ocrx_word' id='word_1_272' title='bbox 879 3607 945 3673; x_wconf 89' lang='lat' dir='ltr'>vita</span> <span class='ocrx_word' id='word_1_273' title='bbox 960 3632 1019 3674; x_wconf 88' lang='lat' dir='ltr'>nec</span> <span class='ocrx_word' id='word_1_274' title='bbox 1035 3624 1072 3674; x_wconf 93' lang='lat' dir='ltr'>ut</span> <span class='ocrx_word' id='word_1_275' title='bbox 1086 3611 1206 3690; x_wconf 90' lang='lat' dir='ltr'>decuit,</span> 
     </span>
     <span class='ocr_line' id='line_1_35' title="bbox 60 3696 1205 3782; baseline 0 -22"><span class='ocrx_word' id='word_1_276' title='bbox 60 3720 119 3761; x_wconf 92' lang='lat' dir='ltr'>nec</span> <span class='ocrx_word' id='word_1_277' title='bbox 135 3711 171 3762; x_wconf 93' lang='lat' dir='ltr'>ut</span> <span class='ocrx_word' id='word_1_278' title='bbox 186 3697 314 3776; x_wconf 88' lang='lat' dir='ltr'>meruit,</span> <span class='ocrx_word' id='word_1_279' title='bbox 329 3696 392 3761; x_wconf 91' lang='lat' dir='ltr'>stili</span> <span class='ocrx_word' id='word_1_280' title='bbox 409 3709 457 3761; x_wconf 91' lang='lat' dir='ltr'>est</span> <span class='ocrx_word' id='word_1_281' title='bbox 472 3696 504 3759; x_wconf 93' lang='lat' dir='ltr'>in</span> <span class='ocrx_word' id='word_1_282' title='bbox 519 3696 625 3762; x_wconf 90' lang='lat' dir='ltr'>lucem</span> <span class='ocrx_word' id='word_1_283' title='bbox 640 3698 767 3782; x_wconf 88' lang='lat' dir='ltr'>prolata</span> <span class='ocrx_word' id='word_1_284' title='bbox 781 3696 898 3772; x_wconf 84' lang='lat' dir='ltr'>offici03</span> <span class='ocrx_word' id='word_1_285' title='bbox 911 3697 1073 3780; x_wconf 86' lang='lat' dir='ltr'>signorum</span> <span class='ocrx_word' id='word_1_286' title='bbox 1086 3712 1205 3774; x_wconf 90' lang='lat' dir='ltr'>tamen,</span> 
     </span>
     <span class='ocr_line' id='line_1_36' title="bbox 61 3783 1208 3870; baseline -0.001 -22"><span class='ocrx_word' id='word_1_287' title='bbox 61 3785 79 3848; x_wconf 71' lang='lat' dir='ltr'>a</span> <span class='ocrx_word' id='word_1_288' title='bbox 103 3786 220 3850; x_wconf 80' lang='lat' dir='ltr'>soeculo</span> <span class='ocrx_word' id='word_1_289' title='bbox 244 3785 462 3849; x_wconf 86' lang='lat' dir='ltr'>inauditorum</span> <span class='ocrx_word' id='word_1_290' title='bbox 483 3784 525 3848; x_wconf 86' lang='lat' dir='ltr'>ad</span> <span class='ocrx_word' id='word_1_291' title='bbox 544 3786 612 3869; x_wconf 89' lang='lat' dir='ltr'>ejus</span> <span class='ocrx_word' id='word_1_292' title='bbox 628 3785 770 3848; x_wconf 88' lang='lat' dir='ltr'>tumbam</span> <span class='ocrx_word' id='word_1_293' title='bbox 781 3783 868 3870; x_wconf 87' lang='lat' dir='ltr'>jugis</span> <span class='ocrx_word' id='word_1_294' title='bbox 885 3783 1052 3862; x_wconf 87' lang='lat' dir='ltr'>exhibitio,</span> <span class='ocrx_word' id='word_1_295' title='bbox 1070 3785 1106 3848; x_wconf 89' lang='lat' dir='ltr'>in&#39;</span> <span class='ocrx_word' id='word_1_296' title='bbox 1117 3785 1208 3848; x_wconf 93' lang='lat' dir='ltr'>nullo</span> 
     </span>
     <span class='ocr_line' id='line_1_37' title="bbox 61 3870 1207 3958; baseline 0.001 -24"><span class='ocrx_word' id='word_1_297' title='bbox 61 3870 245 3936; x_wconf 71' lang='lat' dir='ltr'>dissideusa</span> <span class='ocrx_word' id='word_1_298' title='bbox 262 3895 349 3950; x_wconf 90' lang='lat' dir='ltr'>vero,</span> <span class='ocrx_word' id='word_1_299' title='bbox 360 3871 552 3957; x_wconf 85' lang='lat' dir='ltr'>privilegiati</span> <span class='ocrx_word' id='word_1_300' title='bbox 563 3871 671 3936; x_wconf 89' lang='lat' dir='ltr'>meriti</span> <span class='ocrx_word' id='word_1_301' title='bbox 686 3874 754 3958; x_wconf 86' lang='lat' dir='ltr'>ejus</span> <span class='ocrx_word' id='word_1_302' title='bbox 766 3882 814 3933; x_wconf 91' lang='lat' dir='ltr'>est</span> <span class='ocrx_word' id='word_1_303' title='bbox 824 3870 1001 3935; x_wconf 90' lang='lat' dir='ltr'>attestatio.</span> <span class='ocrx_word' id='word_1_304' title='bbox 1032 3872 1207 3955; x_wconf 86' lang='lat' dir='ltr'>Contigere</span> 
     </span>
     <span class='ocr_line' id='line_1_38' title="bbox 60 3956 1209 4045; baseline -0.001 -25"><span class='ocrx_word' id='word_1_305' title='bbox 60 3957 180 4044; x_wconf 89' lang='lat' dir='ltr'>quippe</span> <span class='ocrx_word' id='word_1_306' title='bbox 194 3971 312 4043; x_wconf 90' lang='lat' dir='ltr'>potest,</span> <span class='ocrx_word' id='word_1_307' title='bbox 328 3971 365 4023; x_wconf 94' lang='lat' dir='ltr'>ut</span> <span class='ocrx_word' id='word_1_308' title='bbox 380 3959 476 4043; x_wconf 84' lang='lat' dir='ltr'>signis</span> <span class='ocrx_word' id='word_1_309' title='bbox 491 3971 564 4044; x_wconf 92' lang='lat' dir='ltr'>post</span> <span class='ocrx_word' id='word_1_310' title='bbox 579 3971 716 4023; x_wconf 88' lang='lat' dir='ltr'>mortem</span> <span class='ocrx_word' id='word_1_311' title='bbox 737 3980 801 4020; x_wconf 91' lang='lat' dir='ltr'>non</span> <span class='ocrx_word' id='word_1_312' title='bbox 817 3957 995 4036; x_wconf 87' lang='lat' dir='ltr'>choruscet,</span> <span class='ocrx_word' id='word_1_313' title='bbox 1013 3959 1068 4045; x_wconf 92' lang='lat' dir='ltr'>qui</span> <span class='ocrx_word' id='word_1_314' title='bbox 1083 3956 1209 4022; x_wconf 86' lang='lat' dir='ltr'>virtuti-</span> 
     </span>
     <span class='ocr_line' id='line_1_39' title="bbox 59 4043 1207 4130; baseline -0.003 -20"><span class='ocrx_word' id='word_1_315' title='bbox 59 4046 120 4110; x_wconf 92' lang='lat' dir='ltr'>bus</span> <span class='ocrx_word' id='word_1_316' title='bbox 136 4045 346 4110; x_wconf 87' lang='lat' dir='ltr'>choruscabat</span> <span class='ocrx_word' id='word_1_317' title='bbox 361 4046 467 4110; x_wconf 89' lang='lat' dir='ltr'>adhuc</span> <span class='ocrx_word' id='word_1_318' title='bbox 482 4045 605 4122; x_wconf 85' lang='lat' dir='ltr'>virens3</span> <span class='ocrx_word' id='word_1_319' title='bbox 621 4045 679 4110; x_wconf 88' lang='lat' dir='ltr'>sed</span> <span class='ocrx_word' id='word_1_320' title='bbox 694 4043 834 4129; x_wconf 86' lang='lat' dir='ltr'>aliquem</span> <span class='ocrx_word' id='word_1_321' title='bbox 849 4057 921 4130; x_wconf 90' lang='lat' dir='ltr'>post</span> <span class='ocrx_word' id='word_1_322' title='bbox 936 4057 1074 4110; x_wconf 89' lang='lat' dir='ltr'>mortem</span> <span class='ocrx_word' id='word_1_323' title='bbox 1086 4045 1207 4108; x_wconf 88' lang='lat' dir='ltr'>clarere</span> 
     </span>
     <span class='ocr_line' id='line_1_40' title="bbox 59 4129 1207 4232; baseline -0.004 -35"><span class='ocrx_word' id='word_1_324' title='bbox 59 4131 230 4209; x_wconf 89' lang='lat' dir='ltr'>miraculis,</span> <span class='ocrx_word' id='word_1_325' title='bbox 247 4131 301 4232; x_wconf 73' lang='lat' dir='ltr'>qui</span> <span class='ocrx_word' id='word_1_326' title='bbox 316 4132 350 4197; x_wconf 91' lang='lat' dir='ltr'>in</span> <span class='ocrx_word' id='word_1_327' title='bbox 363 4133 430 4197; x_wconf 67' lang='lat' dir='ltr'>vita</span> <span class='ocrx_word' id='word_1_328' title='bbox 444 4155 509 4197; x_wconf 91' lang='lat' dir='ltr'>non</span> <span class='ocrx_word' id='word_1_329' title='bbox 531 4132 645 4198; x_wconf 90' lang='lat' dir='ltr'>claruit</span> <span class='ocrx_word' id='word_1_330' title='bbox 667 4131 800 4208; x_wconf 88' lang='lat' dir='ltr'>meritis,</span> <span class='ocrx_word' id='word_1_331' title='bbox 817 4154 876 4195; x_wconf 91' lang='lat' dir='ltr'>nec</span> <span class='ocrx_word' id='word_1_332' title='bbox 895 4132 1014 4216; x_wconf 87' lang='lat' dir='ltr'>legitur</span> <span class='ocrx_word' id='word_1_333' title='bbox 1029 4154 1088 4195; x_wconf 91' lang='lat' dir='ltr'>nec</span> <span class='ocrx_word' id='word_1_334' title='bbox 1104 4129 1207 4193; x_wconf 91' lang='lat' dir='ltr'>credi-</span> 
     </span>
     <span class='ocr_line' id='line_1_41' title="bbox 58 4216 1207 4310; baseline -0.002 -26"><span class='ocrx_word' id='word_1_335' title='bbox 58 4232 123 4284; x_wconf 90' lang='lat' dir='ltr'>tur.</span> <span class='ocrx_word' id='word_1_336' title='bbox 172 4219 216 4282; x_wconf 87' lang='lat' dir='ltr'>Et</span> <span class='ocrx_word' id='word_1_337' title='bbox 231 4218 328 4302; x_wconf 80' lang='lat' dir='ltr'>igitur</span> <span class='ocrx_word' id='word_1_338' title='bbox 342 4220 474 4285; x_wconf 91' lang='lat' dir='ltr'>celebris</span> <span class='ocrx_word' id='word_1_339' title='bbox 490 4222 652 4310; x_wconf 86' lang='lat' dir='ltr'>signorum</span> <span class='ocrx_word' id='word_1_340' title='bbox 667 4242 726 4305; x_wconf 90' lang='lat' dir='ltr'>per</span> <span class='ocrx_word' id='word_1_341' title='bbox 741 4219 878 4282; x_wconf 91' lang='lat' dir='ltr'>Beatum</span> <span class='ocrx_word' id='word_1_342' title='bbox 898 4219 1062 4283; x_wconf 90' lang='lat' dir='ltr'>Oswinum</span> <span class='ocrx_word' id='word_1_343' title='bbox 1077 4216 1207 4282; x_wconf 90' lang='lat' dir='ltr'>innova-</span> 
     </span>
     <span class='ocr_line' id='line_1_42' title="bbox 58 4303 1204 4394; baseline -0.001 -23"><span class='ocrx_word' id='word_1_344' title='bbox 58 4306 116 4385; x_wconf 92' lang='lat' dir='ltr'>tio,</span> <span class='ocrx_word' id='word_1_345' title='bbox 145 4306 350 4394; x_wconf 92' lang='lat' dir='ltr'>antiquorum</span> <span class='ocrx_word' id='word_1_346' title='bbox 374 4320 503 4392; x_wconf 89' lang='lat' dir='ltr'>patrum</span> <span class='ocrx_word' id='word_1_347' title='bbox 527 4331 591 4373; x_wconf 91' lang='lat' dir='ltr'>non</span> <span class='ocrx_word' id='word_1_348' title='bbox 616 4307 696 4372; x_wconf 91' lang='lat' dir='ltr'>levis</span> <span class='ocrx_word' id='word_1_349' title='bbox 720 4305 893 4383; x_wconf 89' lang='lat' dir='ltr'>accusatio,</span> <span class='ocrx_word' id='word_1_350' title='bbox 924 4304 979 4392; x_wconf 91' lang='lat' dir='ltr'>qui</span> <span class='ocrx_word' id='word_1_351' title='bbox 1008 4303 1107 4367; x_wconf 82' lang='lat' dir='ltr'>vitam</span> <span class='ocrx_word' id='word_1_352' title='bbox 1137 4304 1204 4389; x_wconf 88' lang='lat' dir='ltr'>ejus</span> 
     </span>
     <span class='ocr_line' id='line_1_43' title="bbox 58 4389 1205 4481; baseline -0.002 -20"><span class='ocrx_word' id='word_1_353' title='bbox 58 4395 246 4461; x_wconf 87' lang='lat' dir='ltr'>meritorum</span> <span class='ocrx_word' id='word_1_354' title='bbox 260 4393 357 4463; x_wconf 80' lang='lat' dir='ltr'>radiis</span> <span class='ocrx_word' id='word_1_355' title='bbox 372 4394 542 4464; x_wconf 89' lang='lat' dir='ltr'>innumeris</span> <span class='ocrx_word' id='word_1_356' title='bbox 557 4394 782 4481; x_wconf 72' lang='lat' dir='ltr'>prefulgidum</span> <span class='ocrx_word' id='word_1_357' title='bbox 803 4393 863 4458; x_wconf 87' lang='lat' dir='ltr'>sub</span> <span class='ocrx_word' id='word_1_358' title='bbox 886 4390 1069 4458; x_wconf 89' lang='lat' dir='ltr'>detestandi</span> <span class='ocrx_word' id='word_1_359' title='bbox 1089 4389 1205 4459; x_wconf 87' lang='lat' dir='ltr'>silentii</span> 
     </span>
    </p>

    <p class='ocr_par' dir='ltr' id='par_1_6' title="bbox 621 4503 642 4547">
     <span class='ocr_line' id='line_1_44' title="bbox 621 4503 642 4547; baseline 0 0"><span class='ocrx_word' id='word_1_360' title='bbox 621 4503 642 4547; x_wconf 79' lang='lat' dir='ltr'>u</span> 
     </span>
    </p>
   </div>
   <div class='ocr_carea' id='block_1_6' title="bbox 0 0 1448 5018">
    <p class='ocr_par' dir='ltr' id='par_1_7' title="bbox 0 0 1448 5018">
     <span class='ocr_line' id='line_1_45' title="bbox 0 0 1448 5018; baseline 0 0"><span class='ocrx_word' id='word_1_361' title='bbox 0 0 1448 5018; x_wconf 95' lang='lat' dir='ltr'> </span> 
     </span>
    </p>
   </div>
  </div>
 </body>
</html>
