2888 5018
141 335 190 400 542
583 345 675 395 vrri
703 344 842 396 oswnu

144 521 205 587 est,
221 508 298 579 licet
313 529 377 571 non
394 506 587 585 discernant,
604 519 640 585 ut
657 528 691 570 se
707 507 878 591 diligentes
893 514 927 568 et
943 501 1020 587 ipsae
1036 499 1192 586 diligaut3
1208 501 1290 567 illos·

144 619 210 684 que
224 608 399 681 sequentur
414 591 469 679 qui
487 593 574 658 buna
593 592 653 657 sibi
674 595 808 671 faciunt,
826 606 862 656 ut
880 589 1053 655 familiares
1069 611 1104 653 se
1118 589 1168 653 eis
1184 588 1218 652 iu
1233 589 1290 653 hoc

146 706 217 749 esse
233 682 465 746 demonstrent.
513 680 608 745 Solus
623 697 732 745 autern
747 681 844 744 homo
867 701 926 765 pro
948 677 1040 743 bonis
1063 698 1137 762 quae
1161 676 1291 761 percipit

147 770 189 835 de
205 792 301 833 manu
318 768 459 845 Domini,
475 767 581 834 Deum
596 790 656 832 nec
671 768 773 832 laudis
790 789 867 833 voce
882 777 1070 829 rumuuerat
1085 785 1145 828 nec
1161 763 1292 827 honore.

151 857 237 922 Hinc
252 869 302 922 est
324 856 411 941 quod
434 855 587 919 auxilium
602 855 716 938 gratiae
739 855 804 920 Dei
827 867 937 918 nostra
953 850 1149 938 quandoque
1165 865 1294 933 peccata

149 939 362 1030 praepediunt,
379 941 454 1028 quia
476 964 548 1005 curn
572 943 613 1006 ad
641 943 830 1007 Sanctorum
854 939 984 1003 nomina
1004 937 1197 1023 petitionem
1220 937 1295 1001 faci-

151 1053 237 1115 mus,
252 1051 363 1094 eorum
378 1029 510 1115 quidem
526 1028 643 1092 meritis
658 1042 778 1114 praesto
794 1043 843 1093 est
858 1027 945 1114 quod
960 1025 1098 1111 petimus
1112 1047 1121 1099 ;
1141 1023 1202 1087 sed
1223 1047 1296 1088 nos-

151 1132 211 1182 trae
227 1118 328 1202 precis
344 1117 494 1186 effectum
509 1116 635 1202 assequi
649 1139 713 1180 non
730 1117 880 1193 valemus,
898 1112 975 1200 quia
988 1112 1040 1177 vel
1059 1111 1122 1175 alia
1136 1110 1190 1175 vel
1204 1109 1296 1175 aliter

149 1205 290 1290 petimus
312 1226 411 1289 quam
435 1203 599 1267 debemus.
663 1204 762 1278 Quod
788 1217 961 1287 utrumque
987 1199 1115 1263 intuens
1138 1197 1297 1284 propbeta

152 1291 250 1368 dicit;
269 1291 389 1355 “Deus
402 1313 500 1367 meus,
514 1290 660 1354 clamabo
676 1314 733 1375 per
742 1289 838 1366 diem,
856 1301 888 1353 et
903 1311 967 1351 non
980 1286 1134 1363 exaudeS,
1145 1297 1180 1349 et
1190 1298 1294 1364 nocte,

155 1391 189 1442 et
204 1401 270 1442 nou
282 1378 325 1443 ad
341 1377 552 1462 insipientiam
569 1377 676 1441 mibi.'’
725 1379 764 1443 In
773 1376 929 1461 scripturis
943 1375 1032 1438 sacri
1046 1374 1129 1438 solet
1144 1394 1204 1457 per
1213 1371 1298 1436 diem

153 1464 358 1551 prosperitas,
375 1464 409 1529 et
432 1488 489 1549 per
515 1479 643 1529 noctem
667 1465 841 1529 adversitas
863 1463 1006 1551 figurari.
1054 1461 1099 1524 Hi
1123 1482 1204 1547 ergo
1218 1481 1297 1546 quos

151 1574 306 1638 prospera
328 1554 462 1641 erigere,
479 1565 512 1615 et
532 1575 616 1638 quos
637 1552 771 1617 adversa
792 1561 927 1635 possunt
950 1548 1112 1625 inclinare,
1128 1569 1228 1631 super
1249 1545 1298 1609 his

151 1662 227 1726 ,quae
243 1651 356 1723 petunt
371 1662 436 1703 uon
453 1639 679 1714 exaudiuntur,
695 1638 772 1725 quia
786 1660 894 1702 coram
909 1636 1007 1700 oculis
1023 1633 1157 1700 Domini
1172 1657 1213 1699 ea
1227 1655 1299 1720 quae

154 1740 280 1811 petunt,
295 1726 335 1789 ad
347 1725 561 1810 insipientiam
569 1725 628 1789 sibi
644 1738 754 1809 petere
766 1724 1020 1809 perpenduntur.
1069 1720 1156 1795 Quia
1166 1721 1194 1784 si
1206 1720 1299 1804 digne

155 1813 254 1898 digna
277 1827 435 1897 peterent,
453 1812 565 1897 procul
591 1812 689 1876 dubio
712 1835 779 1876 suae
802 1811 903 1897 precis
925 1810 1118 1874 sortirentur
1140 1808 1299 1872 effectum.

155 1901 188 1973 Is
204 1913 312 1985 autem
327 1901 437 1978 frater,
451 1901 493 1964 de
508 1923 572 1987 quo
588 1899 680 1964 nobis
697 1922 801 1964 sermo
813 1911 873 1976 est,
888 1898 942 1984 qui
958 1920 1022 1961 non
1037 1895 1198 1981 prosperis
1213 1917 1301 1959 erec-

156 2009 219 2065 tus,
235 2011 294 2052 nec
310 1988 478 2072 depressus
501 1989 651 2066 adversis,
669 1986 752 2052 inter
766 2002 937 2072 utrumque
957 2000 1071 2049 tenens
1087 1982 1195 2047 medio
1211 1981 1303 2047 tutis·

158 2079 255 2152 simus
278 2075 368 2149 ibat3
406 2090 439 2139 et
463 2089 499 2139 ut
525 2075 573 2139 rei
596 2075 745 2160 probavit
771 2075 915 2150 effectus,
943 2073 1040 2156 digne
1064 2070 1163 2155 digna
1188 2082 1301 2154 petens

132 2237 133 2240 Ἴ
158 2162 298 2247 optinuit
320 2183 378 2245 per
395 2162 504 2226 Sancti
525 2162 642 2226 merita
654 2185 728 2248 quae
743 2161 869 2247 petivit.
896 2160 996 2245 Cujus
1012 2182 1069 2223 nos
1085 2171 1183 2222 testes
1194 2179 1303 2221 sumus

157 2250 202 2332 ad
223 2249 362 2332 plebem,
379 2248 501 2334 dequo
517 2271 582 2311 uon
597 2249 709 2312 audito
723 2250 780 2312 sed
796 2249 863 2312 visa
876 2270 1052 2323 narramus,
1070 2269 1143 2332 quae
1165 2244 1200 2308 in
1216 2257 1305 2309 utru-

158 2358 222 2421 que
239 2335 368 2398 bomine
391 2334 471 2398 dura
485 2357 654 2419 perpessus
671 2348 734 2412 est3
752 2335 894 2399 exterius
910 2335 1041 2421 quidem
1055 2332 1146 2418 graui
1160 2331 1304 2417 corporis

158 2421 343 2485 infirmitate
359 2421 529 2497 detentus3
549 2421 634 2484 intus
646 2444 723 2486 vero
739 2422 881 2486 tribulati
898 2422 1003 2485 cordis
1019 2419 1165 2505 augustia
1180 2420 1306 2484 labora-

158 2509 216 2572 vit.
243 2508 286 2571 Et
302 2507 377 2572 licet
393 2508 423 2572 ei
436 2508 541 2572 vivere
557 2508 680 2573 Cristus
697 2511 803 2587 luerit,
819 2527 925 2572 tamen
940 2532 1007 2594 prae
1023 2505 1306 2593 augusritspiritts

162 2596 266 2662 morbi
292 2595 351 2660 sibi
375 2595 500 2661 lucrum
526 2599 723 2661 autumabat.
771 2597 868 2660 Hunc
894 2597 1003 2683 itaque
1027 2596 1160 2659 fratrem
1186 2592 1307 2679 duplici

160 2697 362 2770 praeventum
378 2683 592 2762 incommodo,
606 2685 699 2748 dolor
710 2684 888 2769 geminatus
904 2685 945 2748 ab
958 2683 1044 2748 omni
1053 2682 1198 2746 ciborum
1209 2704 1309 2767 appe-

161 2773 224 2836 titu
239 2772 423 2856 suspendit3
448 2773 598 2859 omnique
614 2773 734 2856 saporis
753 2787 786 2837 et
801 2771 944 2836 delectus
960 2770 1098 2835 efficacit
1113 2791 1236 2847 carens,
1252 2767 1309 2833 tri-

161 2861 221 2923 bus
244 2859 358 2923 diebus
372 2883 448 2923 mon
465 2860 667 2923 manducavit
682 2883 787 2947 neque
806 2860 899 2924 bibit.
946 2857 1059 2944 Siquid
1075 2871 1183 2921 tamen
1198 2878 1309 2920 neces-

164 2947 258 3010 sitate
281 2959 406 3010 naturae
428 2947 577 3029 gustavit,
595 2948 711 3010 samem
734 2947 841 3032 potius
864 2946 988 3009 irritare
1004 2967 1099 3032 quam
1116 2966 1309 3028 conpescere

160 3033 242 3097 velle
257 3033 460 3096 credebatur.
487 3034 546 3095 His
562 3033 608 3096 ita
623 3056 655 3097 se
671 3034 873 3110 habentibus,
886 3033 938 3097 die
951 3032 1155 3118 praecedente
1168 3031 1310 3115 vigiliam

164 3123 355 3186 Sanctorum
382 3120 532 3204 Syrnonis
558 3133 592 3184 et
617 3120 723 3197 Judae,
750 3120 806 3207 qui
830 3134 905 3185 tunc
930 3120 1091 3187 dominica
1115 3119 1306 3195 habebatur,

163 3229 237 3271 curn
254 3230 296 3269 ex
319 3228 408 3268 more
431 3205 546 3269 fratres
570 3206 611 3269 ad
627 3208 736 3292 epulas
760 3209 974 3285 convenirent,
992 3207 1181 3272 deliberavit
1200 3227 1310 3270 secum

163 3295 263 3358 frater
278 3294 332 3356 ille
348 3292 500 3379 quidnam
515 3307 636 3377 ageret,
653 3317 693 3357 eo
709 3295 796 3380 quod
811 3295 898 3359 nulla
914 3295 976 3359 cibi
991 3295 1136 3359 voluntas
1159 3293 1245 3357 hunc
1268 3292 1310 3356 ad

163 3379 334 3466 prandium
350 3379 517 3443 invitabat.
565 3380 679 3444 Fretus
695 3382 827 3447 tandem
845 3383 978 3447 meliore
994 3381 1137 3459 consilio,
1155 3382 1312 3466 optimam

162 3466 224 3531 sibi
238 3479 363 3551 partem
379 3466 487 3550 elegit,
504 3490 602 3554 quare
615 3484 774 3534 conventu
791 3494 824 3541 se
836 3471 1010 3547 reficiente,
1024 3469 1077 3534 ille
1088 3491 1198 3532 secum
1209 3468 1312 3541 socios

163 3554 389 3618 tantummodo
412 3554 549 3638 psalmos
576 3579 749 3636 assumens,
774 3559 806 3621 in
830 3557 952 3645 quibus·
966 3578 1092 3642 semper
1118 3569 1205 3619 totus
1229 3567 1311 3633 erat,

164 3641 310 3706 ascendit
325 3640 357 3704 in
374 3642 528 3726 templum
544 3644 786 3724 adorationem,
806 3645 932 3732 Deique
951 3647 1103 3710 Sanctum
1118 3643 1228 3707 adiens
1243 3665 1314 3708 sese

164 3727 287 3813 recepit
309 3728 342 3791 in
363 3728 455 3805 atrio,
480 3752 655 3818 precesque
681 3733 783 3809 sudit3
807 3734 1000 3817 legationem
1022 3731 1153 3805 mittens
1176 3730 1313 3814 rogabat

166 3815 344 3881 Dominum
376 3829 412 3882 ut
447 3840 487 3880 ea
522 3817 582 3882 sibi
618 3819 772 3904 dirigeret
809 3843 881 3906 quae
910 3819 996 3903 pacis
1027 3833 1100 3893 sunt
1126 3829 1161 3882 et
1190 3816 1312 3891 salutis.

167 3902 257 3968 Dum
295 3917 404 3969 autern
443 3904 520 3968 inibi
562 3905 681 3971 diutius
721 3921 839 3984 oraret,
871 3906 1003 3971 elevatis
1037 3928 1161 3970 sursum
1198 3904 1311 3982 oculis,

168 3991 277 4057 Sancti
308 3990 457 4057 scrinium
490 3992 508 4056 a
540 3993 638 4078 priori
672 3995 778 4058 fronte
809 3994 842 4057 in
873 4008 964 4078 parte
995 3993 1075 4059 vidit
1105 4017 1174 4058 esse
1203 3993 1314 4059 derso

167 4092 247 4158 tum,
282 4079 463 4166 pallamque
504 4081 568 4166 qud
609 4083 780 4166 tegebatur
824 4081 1009 4144 indecenter
1045 4098 1079 4145 et
1115 4078 1315 4164 inconposite

166 4165 241 4231 hinc
268 4167 341 4231 inde
367 4167 587 4231 fluctuantem.
649 4167 836 4252 indignatus
867 4190 962 4251 super
991 4167 1040 4231 his
1071 4191 1169 4255 quum
1199 4165 1315 4239 altario

169 4255 280 4319 Sancti
307 4253 474 4338 specialius
501 4252 713 4330 ministrabat,
735 4253 877 4325 collectis
904 4254 935 4318 in
963 4277 997 4319 se
1017 4255 1136 4323 viribus
1155 4278 1189 4319 se
1209 4265 1316 4319 totum

168 4341 282 4422 erexit,
300 4355 333 4406 et
349 4339 460 4405 annisu
477 4362 541 4425 quo
557 4339 674 4425 potuit,
693 4341 833 4406 scabello
849 4341 1027 4429 impositus,
1041 4343 1073 4408 iu
1089 4343 1189 4408 altare
1207 4339 1317 4408 Sancti
