2888 5018
546 398 685 452 ssucrr
713 400 952 452 curnnanrr.
1239 408 1240 412 ¹
1268 384 1319 467 73

157 558 320 624 Tedauus
346 560 540 648 Episcopus,
565 585 683 627 novem
705 574 907 628 mortuorum
923 562 1091 628 suscitator
1111 563 1311 648 magnificus,

156 647 344 734 requiescit,
352 662 385 713 et
399 662 544 734 patrator
556 651 731 715 multorum
744 652 982 729 miraculorum,
995 652 1157 736 quondam
1170 651 1205 715 in
1220 654 1313 715 terris

159 736 275 799 vivens
306 736 439 805 effulsit.
487 738 596 814 Quam
630 740 742 824 patriae
770 738 965 822 provinciam
990 738 1173 822 regionibus
1190 739 1313 803 caeteris

159 822 341 908 Hyberniae
370 825 608 908 praeclariorem
636 839 670 891 et
696 826 959 910 praestanciorem
983 826 1194 914 omnibusque
1218 826 1313 890 rebus

157 908 353 977 fertiliorem
368 911 515 979 asseruit.

607 1223 724 1303 [CAP.
742 1222 862 1305 ΧΙΙΙ.]

202 1447 279 1525 Sed,
307 1450 383 1536 quia
405 1470 520 1534 pamm
548 1451 589 1514 ab
613 1448 742 1533 incepto
766 1471 863 1534 opere
880 1449 1013 1537 digressi
1028 1472 1147 1531 sumus,
1164 1474 1249 1518 nunc
1264 1456 1307 1519 ad

155 1555 205 1612 ea,
231 1559 306 1621 quae
327 1535 560 1622 inceperamus,
584 1537 763 1602 redeamus.
809 1535 887 1601 Non
910 1537 1013 1602 multo
1035 1552 1107 1622 post
1122 1541 1258 1630 contigit
1272 1555 1306 1607 ut

157 1620 349 1708 Episcopus,
380 1625 439 1689 sub
470 1625 558 1711 cujus
585 1624 730 1690 custodia
760 1648 842 1710 puer
868 1625 972 1690 fuerat
1002 1626 1178 1712 delegatuS,
1210 1632 1305 1695 rebus

153 1708 306 1775 humanis
329 1734 372 1776 ex
398 1711 561 1797 insperato
576 1712 766 1790 discederet,
784 1727 815 1777 et
830 1713 963 1798 praemia
977 1713 1124 1780 laborum
1137 1740 1269 1782 suorum
1285 1743 1304 1784 a

153 1798 210 1880 pio
235 1799 347 1883 judice
377 1801 641 1866 remunerationis
665 1800 836 1885 acciperet.
891 1803 996 1888 Igitur
1020 1804 1184 1886 puerulus,
1211 1817 1304 1870 tanto

153 1896 247 1969 patre
278 1888 419 1967 orbatus,
452 1888 540 1952 omni
569 1912 653 1975 pene
684 1889 803 1952 solacio
833 1901 881 1953 est
911 1889 1094 1958 destitutus.
1152 1891 1304 1958 Materna

152 1973 264 2060 itaque
275 1977 398 2061 pietate
410 1976 451 2040 de
463 1977 520 2042 filii
532 1977 580 2041 sui
592 1976 804 2042 destitucione
816 1976 963 2063 genetrix
975 1978 1012 2039 fit
1024 1977 1130 2054 anxia,
1142 1993 1174 2042 et
1186 2002 1302 2064 queru-

152 2059 191 2124 lis
206 2084 303 2148 quam
316 2059 432 2148 saepius
447 2065 620 2148 gemitibus
636 2077 670 2128 et
686 2063 815 2128 vocibus
832 2063 1013 2140 lacrimosa3
1030 2064 1168 2130 advertit
1184 2066 1302 2152 quippe

151 2170 290 2232 puerum
318 2151 418 2216 solitis
443 2175 552 2217 carere
578 2152 709 2230 solatiis,
735 2175 767 2216 se
792 2174 868 2216 vero
891 2152 951 2214 sub
974 2153 1102 2237 trepido
1117 2166 1205 2219 metu
1222 2155 1301 2218 coti-

151 2236 252 2302 diano
272 2239 428 2327 languore
455 2241 605 2319 deficere,
634 2255 666 2306 et
689 2240 730 2304 de
752 2240 835 2324 regis
851 2239 946 2304 animi
962 2237 1174 2305 incontinenti
1190 2241 1301 2307 incon-

149 2327 271 2391 stantia
300 2327 419 2412 pavido
448 2351 557 2393 secum
588 2331 684 2395 corde
714 2328 883 2392 ruminare.
938 2328 1123 2394 Verebatur
1151 2330 1301 2394 nimirum

151 2413 340 2497 plurimum,
366 2438 406 2480 ne
431 2438 491 2481 rex
505 2417 636 2496 ferinuS,
660 2417 747 2481 illam
770 2416 886 2481 iterata
900 2415 1028 2481 feritate
1043 2417 1251 2503 opprimeret,
1267 2431 1300 2483 et

151 2502 285 2566 secundi
312 2504 428 2567 erroris
453 2503 613 2568 infamiam
642 2504 740 2590 priori
764 2504 910 2592 nequicia
932 2505 1117 2570 macularet.
1164 2506 1299 2571 Talibus

151 2590 398 2656 meditationum
421 2592 555 2657 stimulis
578 2594 685 2658 matris
708 2594 945 2679 inquietabatur
967 2592 1101 2672 animus,
1119 2607 1151 2657 et
1166 2594 1299 2658 diversis

151 2676 262 2765 fugam
285 2679 415 2743 ineundi
439 2680 641 2746 excitabatur
663 2681 839 2747 affectibus,
886 2680 971 2744 Haec
995 2680 1081 2743 enim
1105 2681 1133 2742 ei
1152 2703 1213 2744 una
1227 2703 1298 2763 spes

151 2765 296 2850 fugiendi
312 2767 478 2852 superfuit,
497 2791 554 2833 nec
570 2769 615 2832 illi
631 2769 761 2835 ulterius
777 2769 809 2831 in
827 2770 896 2853 ipsa
911 2780 997 2830 terra
1011 2788 1178 2830 remanere
1194 2779 1296 2831 tutum

150 2853 220 2920 fuit.
268 2855 380 2920 Ascito
404 2854 543 2944 denique
567 2881 680 2943 puero,
705 2856 809 2921 cordis
833 2854 881 2918 sui
903 2865 1028 2919 secreta
1049 2851 1094 2916 illi
1114 2852 1248 2932 detexit,
1265 2867 1299 2918 et

150 2941 294 3007 causales
306 2945 455 3008 materias
468 2967 534 3008 suae
550 2945 706 3034 angustiae
722 2959 755 3009 et
769 2943 863 3008 sortis
874 2941 999 3007 miserae
1009 2939 1148 3006 seriatim
1159 2942 1296 3027 aperuit.

150 3030 352 3096 Adolescens
367 3031 473 3097 statim
486 3036 637 3099 maternis
649 3031 814 3121 adquievit
828 3029 978 3108 consiliis,
989 3028 1064 3117 quia
1073 3042 1151 3117 typo
1163 3029 1296 3096 Domini

149 3118 315 3186 salvatoris
329 3118 393 3185 suis
408 3121 538 3186 subesse
554 3122 740 3211 parentibus
755 3143 819 3186 non
836 3117 951 3184 omisit.

601 3439 718 3518 [cnr.
733 3437 845 3518 xm]

194 3658 355 3730 Puerulus
377 3677 482 3729 autern
500 3677 574 3730 ante
592 3663 756 3729 Pontificis
772 3664 896 3728 obitum
911 3660 1093 3748 symbolum
1109 3672 1143 3726 et
1156 3661 1295 3745 psalmos

150 3749 317 3816 Daviticos
339 3752 435 3838 plene
450 3753 631 3818 didiscerat.
680 3751 817 3816 Infinitae
833 3764 901 3814 erat
912 3747 1134 3835 pulcritudinis
1150 3764 1184 3815 et
1198 3751 1295 3814 deco-

147 3839 190 3902 ris
205 3854 239 3904 et
254 3854 398 3905 venustae
414 3841 529 3926 speciei
545 3837 721 3906 dulcedinis
737 3853 771 3904 et
785 3839 896 3923 gratiae
913 3837 1089 3902 admodum
1105 3837 1295 3903 dilectionis.

149 3926 250 3992 Fama
273 3928 371 4012 igitur
394 3929 477 4014 pede
494 3930 595 3993 veloci
612 3927 894 4010 comprovinciales
910 3949 1053 4014 quosque
1069 3924 1296 4011 praeveniendo

147 4016 367 4094 succenderat,
392 4028 425 4080 et
447 4018 488 4081 de
510 4021 598 4106 cujus
614 4017 768 4101 progenie
784 4027 881 4079 tantae
896 4016 1008 4103 gratiae
1025 4013 1205 4097 pulcritudo
1220 4033 1295 4096 pro·

146 4103 247 4169 disset
263 4104 399 4191 quilibet
414 4107 556 4169 curiosus
573 4103 764 4191 inquirebat.
804 4102 904 4188 Cujus
920 4102 965 4167 rei
978 4101 1144 4188 inquisicio
1160 4112 1293 4162 matrem

146 4191 243 4276 ipsius
268 4214 334 4256 non
361 4193 464 4271 latuit,
492 4217 564 4280 quae
580 4197 647 4280 ejus
662 4193 803 4255 animum
819 4191 956 4276 amplius
972 4213 1013 4253 ex
1029 4189 1149 4253 timoris
1165 4185 1291 4250 dubita·

145 4279 236 4345 cione
250 4281 400 4345 vexando
415 4281 568 4366 fatigavit.
615 4280 667 4343 Sic
684 4293 787 4345 mater
802 4278 920 4344 diutius
936 4276 1166 4360 cogitationum
1181 4272 1291 4338 stimu-

144 4367 182 4434 lis
197 4372 330 4455 agitata
347 4369 490 4450 tandem,
506 4369 594 4459 quod
610 4369 718 4434 animo
733 4380 936 4455 conceperat,
953 4363 1101 4449 operibus
1116 4361 1291 4446 adimplen-

709 4478 721 4522 1
