2888 5018
226 361 275 434 26
673 385 766 435 vrrs
795 387 934 436 osvnu

224 632 324 697 eAr.
350 633 531 698 xla-De
556 635 656 698 tabita
679 635 861 715 oeqritrtdiae
884 635 1045 716 cujusdam
1063 636 1196 718 fimeta,
1223 658 1319 720 quium
1339 661 1377 702 ee

303 724 542 870 plqcpuspmptione
560 730 729 796 merueram
745 723 878 805 qualiter
887 724 927 786 ab
937 724 974 786 ed
991 742 1046 808 per
1059 724 1125 805 aas
1144 727 1256 788 merita
1270 729 1313 788 sit
1325 747 1376 789 sa·

273 979 328 1044 Est
343 979 442 1045 etiam
459 980 547 1044 aliud
561 979 721 1044 laudabile
740 981 940 1059 miraculum,
963 982 1051 1069 quod
1066 982 1182 1047 eodem
1196 982 1372 1064 referente,

221 1065 260 1166 in·
275 1089 340 1154 quo
363 1067 415 1132 vel
436 1067 477 1131 de
497 1089 562 1155 quo
585 1081 663 1131 tunc
679 1090 738 1152 per
756 1069 895 1132 Beatum
913 1069 1038 1152 Regem
1057 1082 1090 1133 e't
1114 1069 1294 1154 Martyrem
1314 1070 1375 1136 Os·

222 1175 339 1217 winum
348 1154 469 1218 facturn
479 1168 538 1232 est,
550 1177 661 1219 verum
673 1177 742 1218 esse
754 1154 899 1218 dicimus.
926 1155 1060 1220 Postera
1072 1177 1208 1242 namque
1217 1157 1374 1222 testivita-

221 1239 261 1304 tis
277 1240 492 1305 translationis
505 1241 569 1319 die,
583 1241 747 1305 venientes
760 1241 826 1304 duo
837 1241 948 1305 famuli
961 1242 1003 1305 ad
1013 1243 1120 1306 locum
1132 1242 1187 1306 ubi
1197 1242 1230 1304 in
1242 1244 1374 1331 antiqua

225 1327 362 1392 Sanctus
377 1342 565 1412 pausaverat
581 1327 748 1392 ecclesiola
762 1327 803 1392 de
817 1328 1056 1414 Tynemudtha,
1069 1329 1204 1413 jubente
1217 1330 1327 1394 edituo
1340 1345 1373 1395 et

220 1428 426 1499 cooperante,
440 1414 594 1501 quasdam
609 1414 731 1498 ligneas
743 1415 906 1478 columnas
922 1432 1088 1500 asportare
1107 1414 1281 1494 debebant,
1299 1440 1371 1504 quae

219 1502 376 1585 preciosae
389 1501 573 1589 margaritae
584 1501 679 1565 dulce
694 1501 819 1586 pondus
835 1514 1102 1566 sustentaverant.
1136 1503 1284 1588 Cumque
1296 1504 1371 1568 Fra-

220 1601 272 1651 ter
294 1587 347 1651 ille
370 1601 403 1651 et
425 1587 577 1664 famulus,
602 1587 657 1674 qui
680 1603 758 1652 natu
773 1590 875 1672 major
895 1610 965 1652 esse
984 1588 1163 1665 videbatur,
1184 1590 1370 1674 suppliciter

221 1674 375 1752 orassent,
398 1675 547 1762 quatinus
563 1674 596 1737 id
618 1674 723 1758 operis
746 1673 840 1760 digne
856 1686 890 1738 et
905 1674 1025 1760 absque
1047 1675 1164 1738 laboris
1183 1679 1367 1759 gravamine

219 1761 374 1845 perficere
393 1775 534 1846 possent,
558 1760 737 1835 accedunt3
761 1782 866 1844 genua
888 1761 1065 1838 flectentes,
1089 1775 1123 1825 et
1142 1784 1200 1846 pro
1219 1763 1365 1850 Martyre

220 1847 293 1911 loco
308 1847 367 1933 ipsi
382 1848 595 1912 reverentiam
611 1846 810 1911 exhibentes.
852 1846 945 1911 Alter
961 1870 1037 1910 vero
1052 1847 1188 1911 famulus
1201 1849 1369 1916 indiscrete

220 1957 329 2019 egens,
347 1948 384 1998 ut
399 1935 516 1999 assolet
532 1935 586 1998 illa
601 1946 690 2009 aetas,
708 1945 778 1996 erat
793 1931 879 1996 enim
892 1933 1013 2017 junior,
1030 1934 1303 2020 quemadmodum
1317 1937 1369 2001 alii

220 2021 374 2098 fecerant,
392 2022 569 2106 supplicare
585 2042 623 2083 ac
643 2018 806 2082 humiliter
821 2043 876 2083 eos
898 2021 1090 2104 coadjuvare
1106 2022 1261 2109 neglexit.
1307 2027 1370 2089 Ar-

219 2120 314 2192 repto
330 2107 437 2194 itaque
452 2108 538 2193 ligno
559 2120 716 2190 terraeque
732 2105 826 2169 altius
841 2106 970 2183 infosso,
992 2129 1185 2192 praesumens
1202 2109 1242 2172 de
1260 2110 1368 2197 vigore

219 2197 350 2279 proprio
366 2195 578 2259 irreverenter
590 2193 771 2277 jocabatur,
789 2205 823 2256 et
832 2194 913 2256 satis
929 2193 1084 2257 incassum
1100 2196 1287 2260 abstrahere
1303 2197 1369 2261 luc·

220 2283 320 2345 tando
347 2283 535 2346 conabatur.
586 2278 657 2343 Nec
680 2300 791 2342 mora:
815 2280 1072 2364 presumptionis
1095 2304 1162 2345 suae
1185 2283 1369 2366 percellitur

220 2369 326 2453 poena,
346 2369 453 2432 subiti
473 2367 557 2432 enirn
578 2364 753 2428 valitudine
778 2377 894 2442 tactus,
915 2367 1036 2429 corruit
1056 2367 1089 2429 in
1111 2381 1240 2446 terram,
1257 2369 1367 2434 dicens

219 2478 254 2520 se
277 2455 318 2518 ad
340 2469 477 2518 mortem
501 2452 664 2530 infirmari,
689 2474 748 2515 nec
766 2453 836 2535 jarn
857 2452 990 2536 amplius
1012 2476 1107 2538 posse
1128 2456 1267 2539 operari.
1325 2457 1367 2521 Et

220 2541 360 2606 adiciens
379 2539 555 2605 astantibus
570 2537 668 2624 loqui,
685 2547 707 2578 ‘⁶
719 2537 867 2615 merito‚”
883 2538 995 2624 inquit,
1015 2540 1104 2603 “hoc
1119 2541 1235 2625 patior,
1252 2557 1366 2628 utpote

219 2642 433 2714 praesumptor
455 2624 600 2703 insulsus,
625 2625 812 2711 nullumque
833 2626 953 2688 Sancto
974 2627 1113 2713 Martyri
1136 2629 1292 2692 honorem
1312 2630 1368 2695 de-

219 2716 336 2780 serens.
385 2713 482 2778 Unde
502 2713 551 2790 fit,
568 2724 604 2774 ut
625 2727 775 2796 tanquam
797 2713 913 2777 malleo
931 2712 1072 2776 frontem
1094 2736 1260 2798 percussus
1280 2716 1367 2781 dca-

219 2803 286 2888 pite
311 2824 412 2888 usque
435 2799 477 2864 ad
499 2798 608 2883 pedes,
635 2812 740 2862 toturn
764 2821 878 2884 corpus
902 2799 1090 2864 miserabilis·
1113 2801 1251 2866 doleam.
1300 2804 1366 2868 Sed

220 2902 310 2954 orate
334 2910 444 2973 quaeso
470 2885 559 2962 mihi,
584 2886 797 2970 supplicantes
821 2887 896 2950 Deo
923 2899 956 2950 et
987 2887 1105 2951 Sancto
1134 2889 1273 2974 Martyri
1296 2892 1365 2974 ejus

223 2975 363 3051 Oswino,
380 2988 416 3037 ut
430 2972 620 3057 insipientiae
635 2995 716 3036 meae
728 2973 832 3050 venia,
849 2988 883 3037 et
898 2973 1023 3057 corpori
1048 2975 1164 3038 sanitas
1177 2976 1365 3041 tribuatur.”

221 3060 385 3126 Fratribus
404 3061 512 3145 itaque
530 3081 590 3142 pro
610 3081 650 3122 eo
668 3059 775 3122 Deum
800 3073 833 3124 et
855 3060 1027 3144 gloriosum
1051 3062 1231 3147 Martyrem
1252 3063 1366 3148 depre-

218 3147 375 3224 cantibus,
392 3147 488 3209 homo
501 3145 553 3209 ille
569 3158 703 3229 paterno
712 3160 875 3211 correctus
887 3147 1014 3231 flagello
1029 3170 1103 3211 curn
1115 3149 1252 3213 lacrimis
1263 3152 1366 3235 poeni-

219 3248 299 3308 tens,
317 3233 385 3317 ipsa
403 3233 454 3296 die
476 3245 604 3296 sanatus
623 3246 683 3311 est,
704 3246 736 3296 et
758 3255 830 3296 curn
854 3234 921 3298 aliis
943 3256 1078 3318 operans
1094 3257 1174 3319 opus
1190 3238 1365 3322 incoeptum

217 3320 366 3385 alacriter
381 3319 502 3404 exegit.

217 3587 318 3651 CAP.
335 3587 640 3665 XIIL-Quomodo
660 3589 800 3670 quedam
812 3587 938 3667 femina
953 3587 1102 3650 Dunelmi
1115 3590 1217 3668 ‹rfficm
1230 3594 1365 3654 omnium

303 3677 501 3738 membrorum
524 3677 638 3737 dextrae
655 3678 761 3754 portis
777 3694 838 3754 per
851 3693 919 3737 eam
933 3678 1088 3755 receperit,
1104 3696 1174 3758 qtae
1187 3697 1225 3739 ea
1241 3679 1364 3741 diutina

234 3853 237 3858 1
303 3763 481 3844 infirmitate
491 3766 584 3844 praa
598 3765 754 3824 omiserat.

264 3935 419 4023 Sequenti
433 3958 511 3998 vero
531 3955 624 4010 anno,
641 3931 790 4018 quaedam
812 3929 941 4008 femina,
958 3953 1031 4017 quae
1058 3933 1091 3995 in
1115 3936 1269 4000 Dunelmi
1285 3936 1362 4001 civi·

216 4033 283 4087 tate
297 4023 405 4086 multis
421 4043 577 4086 annorum
593 4017 756 4083 curriculis
771 4017 934 4092 mansisse,
952 4030 985 4081 et
1001 4019 1041 4081 ab
1058 4022 1199 4085 omniurn
1216 4024 1361 4088 dexterae

215 4111 314 4193 partis
336 4111 552 4173 membrorum
576 4104 682 4168 officio
704 4102 890 4167 destitutam
913 4102 1010 4168 fuisse
1034 4105 1221 4187 dinoscitur,
1238 4111 1360 4175 meritis

219 4197 328 4261 Sancti
355 4196 453 4281 Regis
469 4207 501 4258 et
521 4190 675 4275 Martyris
700 4188 821 4254 (lswini
840 4189 880 4251 ab
896 4189 1083 4256 infirmitate
1102 4196 1159 4258 sula
1174 4197 1231 4260 tali
1246 4197 1360 4262 ordine

214 4282 349 4347 liberata
368 4296 426 4347 est.
475 4279 569 4343 Licet
588 4275 675 4341 enim
693 4275 803 4339 oculos
819 4274 895 4337 satis
911 4290 1043 4360 vegetos
1059 4302 1097 4344 ac
1111 4281 1196 4346 clare
1213 4283 1360 4349 videntes

214 4371 334 4435 habere
348 4369 521 4442 videretur,
533 4363 625 4427 unius
639 4375 746 4426 tamen
755 4359 874 4425 lumine
887 4363 1017 4429 omnino
1028 4367 1163 4450 privata,
1174 4369 1272 4434 nichil
1284 4370 1359 4436 inde
