2888 5018
146 329 195 393 30
589 347 680 401 vrrs
709 347 848 396 oswnn

144 506 264 572 invidet
302 506 355 570 ille
392 508 499 572 fautor
541 508 779 573 inobedientiae.
842 507 1007 571 Laborant
1045 518 1196 594 uterque,
1233 509 1286 572 sed

144 593 284 656 multum
300 593 435 658 diverse.
484 594 608 672 Frater,
626 608 662 658 ut
680 595 822 679 incoepta
836 593 1002 679 proficiat3
1027 593 1237 672 adversarius,
1254 611 1288 659 ut

145 702 219 743 eum
232 679 360 744 deiciat.
410 681 474 745 lste
490 701 526 744 ut
544 681 701 766 proficiat,
715 680 769 745 ille
785 681 863 746 verri
878 694 914 745 ut
930 680 1066 744 officiat:
1090 681 1179 780 quod
1195 699 1229 746 et
1244 705 1288 746 se·

145 788 246 852 quens
267 789 374 830 rerum
398 767 536 832 astruxit
561 780 705 833 eventus,
754 769 836 833 Cum
863 767 949 830 enim
973 767 1070 831 frater
1092 790 1162 851 jam
1187 768 1287 837 dictus

145 875 240 938 super
256 854 361 918 trabes
374 853 531 918 ulterioris
547 855 645 939 partis
658 853 836 918 dormitorii
852 854 997 931 fratrum,
1015 853 1101 940 quod
1118 867 1195 918 tunc
1212 867 1289 919 tem·

145 939 230 1023 poris
247 942 450 1039 operabatur,
468 954 578 1019 staret,
595 941 745 1040 quatinus
761 941 883 1005 scilicet
898 940 1012 1005 solium
1028 940 1109 1004 sicut
1123 941 1196 1005 fieri
1211 941 1289 1006 solet

146 1026 187 1090 de
203 1026 295 1110 ligms
312 1027 501 1114 quibusdam
517 1028 682 1092 latioribus
698 1040 730 1091 et
746 1027 862 1111 spissis,
880 1027 1052 1091 artificioso
1065 1026 1143 1091 inibi
1155 1029 1289 1092 colloca-

145 1126 195 1176 ret
211 1113 334 1190 ordine,
351 1114 435 1178 forte
451 1114 527 1178 alias
546 1115 725 1192 intendens,
743 1114 869 1177 sinistro
892 1113 974 1198 pede
991 1113 1150 1178 incautius
1174 1114 1287 1199 posito,

145 1199 267 1283 pariter
282 1223 355 1266 cum
371 1201 457 1286 ligno
472 1202 612 1289 quodam
628 1201 740 1287 grandi
756 1201 844 1288 quod
859 1200 941 1265 male
958 1201 1147 1279 calcaverat,
1164 1202 1207 1266 ad
1230 1201 1291 1266 ima

147 1286 318 1351 delabitur.
366 1289 438 1352 Lon
462 1290 480 1354 ὲ
496 1301 604 1353 tamen
619 1289 713 1353 aliter
728 1311 824 1375 quam
847 1287 974 1372 spiritus
989 1288 1130 1351 mendax
1153 1289 1291 1372 praedix·

147 1387 227 1451 erat,
252 1373 408 1463 benignus
432 1314 523 1439 fieus
551 1376 591 1441 de
615 1375 723 1440 dilecti
745 1375 793 1438 sui
819 1373 929 1440 Sancti
957 1374 1056 1457 Regis
1080 1388 1113 1438 et
1138 1375 1290 1462 Martyris

151 1459 272 1524 Oswiui
292 1461 445 1526 servitore
468 1462 673 1528 deliberarat.
721 1461 813 1527 Licet
837 1462 921 1526 euim
944 1461 1135 1548 quibusdam
1157 1461 1291 1527 fortasse
1321 1517 1325 1525 .

147 1549 286 1631 peccatis
303 1549 506 1632 exigentibus
521 1550 617 1613 morti
633 1549 769 1613 vicinam
791 1548 959 1612 incurrisse
975 1548 1139 1612 videretur
1153 1549 1290 1626 ruinam,

149 1647 262 1718 utpote
278 1635 332 1721 qui
347 1637 416 1699 solo
432 1649 524 1701 tenus
540 1636 623 1700 inter
638 1658 716 1699 saxa
731 1651 764 1700 et
779 1636 866 1719 ligna
888 1635 939 1698 hic
955 1635 1029 1699 inde
1053 1634 1167 1719 posita,
1185 1659 1292 1701 casum

148 1720 325 1785 altitudinis
348 1723 468 1807 pedum
495 1722 693 1806 undeviginti
720 1734 753 1785 et
781 1745 820 1785 eo
845 1722 978 1806 amplius
1004 1722 1154 1798 fecisset3
1183 1737 1290 1787 tamen

150 1807 225 1872 Deo
248 1809 436 1893 opitulante,
461 1832 519 1895 per
545 1811 654 1873 Sancti
677 1810 725 1872 sui
754 1808 907 1895 Martyris
931 1809 1024 1872 solita
1050 1809 1212 1893 suffragia,
1230 1833 1292 1874 non

149 1895 253 1958 solum
268 1919 303 1960 os
316 1897 383 1981 ejus
398 1896 520 1960 nullum
535 1896 673 1960 fractum
685 1909 743 1972 est,
756 1895 813 1958 sed
828 1918 887 1958 nec
899 1895 1030 1981 quidem
1045 1895 1126 1959 cutis
1142 1897 1294 1961 extremi·

149 1997 198 2047 tas
214 1996 332 2068 praeter
341 1983 469 2048 solitum
485 1983 603 2068 pedum
618 1982 825 2046 valitudinem
837 1983 950 2069 (pedes
966 1986 1052 2046 euim
1067 2005 1152 2067 saepo
1165 1984 1294 2049 doleba-

149 2071 217 2157 tur)
231 2070 431 2157 aliquatenus
441 2070 517 2134 laesa
526 2083 584 2134 est.
633 2071 779 2156 Cumque
792 2070 934 2154 ejusdem
944 2086 1169 2154 cooperatores
1181 2072 1293 2135 flentes

149 2171 363 2235 accurrerent,
380 2170 417 2221 ut
432 2179 546 2241 corpus
562 2158 650 2243 quod
667 2158 737 2242 jam
755 2156 868 2221 elisum
891 2156 1064 2221 credebant
1083 2171 1117 2221 et
1132 2158 1291 2237 exanime,

149 2243 241 2308 citius
258 2245 420 2321 efferrent,
434 2243 542 2308 vident
555 2267 629 2307 eum
642 2244 696 2308 ubi
712 2257 820 2307 ruerat
833 2244 1009 2322 sedentem,
1024 2244 1187 2330 pedesque
1203 2245 1292 2308 dum·

151 2345 241 2395 taxat
256 2353 352 2415 supra
366 2353 445 2417 quos
464 2330 635 2409 ceciderat,
653 2331 747 2394 solito
766 2330 894 2415 gravius
913 2331 1088 2395 dolentem.
1136 2333 1180 2396 Et
1201 2332 1294 2398 lacri-

149 2419 309 2482 mantibus
328 2418 399 2494 illis,
417 2439 454 2481 ac
468 2441 564 2502 super
585 2418 634 2481 his
650 2441 723 2518 quae
739 2418 901 2496 videbant,
919 2440 984 2482 nou
1006 2441 1119 2503 parum
1138 2420 1294 2505 stupenti·

149 2507 220 2582 bus,
236 2505 384 2570 alacriter
400 2506 464 2581 ait;
482 2505 629 2570 “Nolite
646 2519 769 2583 timere,
787 2505 844 2569 sed
866 2507 1040 2570 securiores
1056 2505 1179 2582 redite;
1203 2521 1236 2571 et
1252 2507 1293 2571 ad

150 2591 354 2677 sepulchrum
370 2590 549 2656 Beatissimi
567 2593 699 2656 Patroni
709 2593 809 2656 nostri
825 2615 876 2657 me
889 2592 1043 2657 deferte.”
1092 2592 1135 2657 Et
1144 2593 1242 2657 allato
1254 2617 1293 2658 eo

150 2681 182 2742 in
193 2680 366 2742 claustrum
377 2678 467 2743 valde
478 2679 697 2744 condoluimus
708 2682 776 2765 ejus
787 2679 919 2757 laesioni,
932 2680 1082 2766 quoniam
1094 2682 1134 2744 ab
1147 2680 1294 2747 omnibus

150 2765 241 2830 nobis
269 2789 328 2850 pro
353 2789 478 2830 morum
507 2766 706 2867 benignitate
731 2790 861 2831 suorum
893 2766 1064 2851 plurimum
1091 2767 1293 2852 diligebatur.

152 2852 255 2917 Nobis
271 2852 369 2941 igitur
383 2850 523 2918 fraterna
538 2856 598 2918 sib1
613 2855 746 2919 caritate
766 2853 1044 2939 compatientibuS,
1061 2868 1094 2918 et
1110 2855 1247 2942 qualiter
1262 2879 1295 2919 se

150 2941 286 3004 haberet
302 2940 543 3028 inquirentibus,
561 2942 726 3026 respondit
748 2942 874 3017 dicens3
901 2941 1060 3005 “Vestris
1084 2941 1292 3021 orationibus,

150 3028 234 3090 bene
250 3027 375 3091 fratres.
404 3028 510 3092 Tanta
520 3028 616 3092 etiam
628 3029 724 3092 animi
740 3027 944 3114 corporisque
959 3050 1017 3112 per
1033 3029 1098 3092 Dei
1113 3029 1248 3114 gratiam
1261 3044 1294 3095 et

150 3113 252 3177 nostri
269 3114 422 3200 Martyris
438 3115 592 3179 auxilium
605 3116 757 3202 sospitate
770 3116 873 3199 vigeo,
892 3129 928 3179 ut
944 3131 977 3178 et
993 3137 1076 3179 nunc
1089 3117 1296 3202 quemadmo-

151 3200 228 3264 dum
240 3201 309 3265 heri
321 3216 354 3266 et
366 3201 593 3267 nudiustertius
606 3226 765 3288 operarer,
780 3203 838 3266 nisi
854 3203 921 3266 sola
936 3203 1055 3287 pedum
1067 3202 1211 3268 allisione
1223 3227 1297 3289 pro-

150 3287 288 3353 hiberet.
337 3289 395 3352 Est
418 3289 574 3375 siquidem
590 3291 677 3378 quod
700 3291 803 3354 solum
827 3289 936 3367 timeo,
953 3312 993 3352 ne
1014 3290 1145 3374 maligni
1167 3291 1296 3376 spiritlrs

152 3376 353 3461 praesagium‚
371 3378 458 3464 quod
473 3377 533 3442 hac
549 3378 581 3441 in
597 3392 691 3442 nocte
715 3401 773 3463 per
788 3376 947 3441 somnium
963 3377 1081 3454 audivi,
1098 3401 1208 3442 verum
1224 3378 1296 3442 sit.''

157 3463 200 3526 Et
215 3463 354 3527 reserens
378 3466 439 3529 hoc
463 3487 519 3549 per
535 3465 680 3530 ordinem
696 3465 783 3552 quod
799 3464 922 3529 viderat
935 3464 1102 3542 somnium,
1126 3465 1296 3530 “minatus

154 3551 234 3628 est,”
250 3550 353 3637 inquit
378 3562 399 3592 “
411 3552 507 3616 etiam
523 3553 601 3617 mihi
624 3553 780 3630 diabolus,
820 3551 873 3615 uia
894 3552 991 3617 hodie
1007 3553 1102 3616 ambo
1118 3575 1210 3616 crura
1224 3575 1298 3618 mea

154 3638 327 3720 frangeret,
344 3651 452 3703 utrum
467 3654 575 3705 autem
591 3663 702 3704 verum
719 3575 822 3727 (quod
840 3639 937 3714 absit)
955 3662 994 3703 an
1012 3640 1138 3717 falsum,
1155 3652 1192 3703 ut
1211 3662 1297 3704 asso-

152 3724 209 3802 let,
236 3724 364 3804 deerit,
390 3728 495 3791 adhuc
519 3727 675 3792 incertum
701 3726 837 3790 habe0.''
885 3727 944 3790 His
971 3726 1087 3790 auditis
1113 3727 1298 3811 diligentius

154 3835 229 3875 eum
244 3826 464 3894 attrectantes,
482 3829 516 3880 et
531 3816 652 3878 nullam
668 3813 787 3877 ossium
806 3814 875 3898 ejus
891 3813 1064 3877 fracturam
1086 3814 1295 3898 reperientes,

154 3899 300 3964 laudibus
313 3915 347 3966 et
362 3903 471 3987 gratiis
481 3903 522 3966 de
538 3901 706 3986 insperatae
719 3900 874 3964 evasionis
889 3900 1048 3964 beneficio
1065 3901 1139 3964 Deo
1152 3903 1298 3986 omnipo-

154 3990 236 4072 tenti
244 3988 389 4068 redditis,
401 3991 442 4054 ad
454 3988 657 4074 sepulchrum
673 3987 766 4051 Beati
784 3986 936 4073 Martyris
949 4010 1022 4051 eum
1037 3987 1119 4052 sicut
1128 4000 1298 4073 rogaverat

155 4073 337 4140 detulimus.
391 4077 491 4160 Cujus
516 4074 637 4138 meritis
664 4088 697 4139 et
721 4073 867 4158 precibus
894 4097 952 4159 pro
973 4075 1093 4139 famulo
1123 4099 1182 4140 suo
1211 4076 1298 4161 apud

154 4161 264 4227 Deum
282 4162 577 4239 intervenientibus,
594 4174 628 4224 et
646 4161 789 4246 periculo
807 4161 919 4225 mortis
934 4162 1072 4242 eundem
1087 4177 1212 4230 constat
1228 4185 1298 4228 esse

155 4249 321 4327 salvatum,
335 4263 367 4313 et
383 4247 525 4333 pristinae
540 4247 634 4311 saluti
649 4247 769 4332 pariter
784 4261 817 4312 et
832 4248 920 4332 operi
935 4262 1129 4334 reparatum.
