2888 5018
143 341 193 407 rt
590 357 681 406 vna
710 355 847 405 oswrur

146 531 191 594 te,
213 540 233 580 o
253 518 418 583 hominum
443 516 671 594 crudelissime,
696 530 730 580 et
752 538 817 579 non
847 517 964 581 audisti
987 537 1059 578 me:
1091 514 1206 599 rogavi
1230 515 1299 578 Do-

146 604 269 668 minum
283 619 318 670 et
336 605 511 668 Patronum
527 627 645 682 meum,
662 616 696 668 et
710 602 833 667 audivit
843 627 905 668 me.
954 602 1038 665 Ecce
1054 603 1142 666 euim
1155 602 1301 666 nesciens

148 691 268 770 reddis,
280 714 377 779 quam
386 691 488 754 sciens
499 692 644 775 rapuisti,
657 692 754 755 telam
770 712 873 754 meam
885 714 894 766 3
910 703 943 754 et
952 711 1030 775 quas
1040 689 1131 753 vivus
1141 688 1297 766 meruisti,

147 792 293 842 mortuus
315 778 376 842 luis
399 800 509 863 poenas
531 779 735 861 gehennales,
759 776 828 860 ipso
855 779 974 841 Sancto
987 778 1135 859 jubente,
1153 797 1251 861 quem
1266 775 1300 837 in

149 888 202 929 me
221 864 471 950 contempsisti.''
520 865 572 929 Sic
592 865 636 928 sic
651 888 716 928 non
737 886 897 950 nunquam
913 863 1087 926 mirabilius
1106 861 1218 926 Sancti
1229 861 1300 946 pul-

149 952 292 1016 sentibus
307 952 465 1037 aperiunt,
488 975 561 1016 cum
576 973 668 1016 aures
689 963 834 1015 avertere
849 951 866 1014 ὲ
882 949 1042 1015 desiderio
1057 971 1237 1034 pauperum
1251 971 1301 1011 es-

151 1039 315 1103 timantur.
363 1038 444 1102 Heri
467 1039 656 1123 importunis
679 1037 868 1121 singultibus
890 1037 1028 1123 pulsavit
1044 1037 1164 1114 vetula,
1188 1049 1222 1098 et
1237 1034 1301 1097 dis-

151 1125 312 1190 simulavit
332 1127 467 1189 Sanctus
487 1126 644 1190 Oswinus.
692 1125 802 1189 Hodie
821 1126 1000 1209 desperata
1019 1123 1153 1208 pauperi
1172 1121 1301 1185 reddita

151 1227 201 1277 est
217 1213 292 1290 tela,
313 1225 347 1276 et
366 1213 491 1277 caeteris
510 1214 656 1276 omnibus
671 1235 745 1299 quie
760 1213 966 1296 perdiderant
979 1235 988 1287 3
1007 1223 1041 1274 et
1056 1209 1196 1294 gloriose
1211 1231 1301 1292 mag-

151 1300 298 1365 nificatus
310 1313 370 1377 est,
387 1300 442 1385 qui
457 1313 524 1363 tam
538 1299 695 1363 mirabilia
710 1315 860 1383 operatus
876 1313 935 1363 est.
983 1298 1047 1361 Per
1063 1310 1165 1360 totam
1180 1295 1300 1380 quippe

150 1387 359 1472 provinciam,
372 1409 449 1470 rege
464 1400 596 1471 peracto
608 1387 740 1474 negotio
755 1388 923 1462 redeunte,
940 1385 1059 1448 celebri
1074 1405 1221 1448 sermone
1233 1381 1303 1444 vul-

195 1487 262 1537 tum
285 1488 334 1537 est
360 1475 493 1537 verbum
515 1474 613 1550 istud,
638 1488 672 1537 et
694 1473 763 1557 regi
784 1491 817 1537 et
843 1473 990 1537 omnibus
1004 1471 1196 1556 primoribus
1219 1470 1299 1554 ejus,

150 1497 345 1647 llmp'rque
361 1561 393 1623 in
409 1560 568 1645 condigna
582 1561 762 1624 reverentia
776 1561 903 1623 habitus
918 1573 978 1622 est.

156 1821 257 1885 CAP.
278 1823 532 1902 XL-Qaalr'ter
550 1824 600 1884 die
617 1823 831 1884 translationis
848 1823 914 1901 aas
928 1824 965 1884 de
979 1824 1073 1884 veteri
1087 1823 1121 1881 ia
1135 1839 1246 1881 noram
1257 1839 1304 1882 ec·

241 1913 375 1985 alesiam,
391 1930 486 1991 equas
510 1911 670 1990 ney'usdam
692 1910 824 1970 hominis
838 1911 876 1970 de
888 1909 1011 1987 remulo
1026 1910 1059 1968 ἐκ
1069 1908 1225 1986 scopulum
1236 1907 1304 1985 lap-

242 2017 305 2072 sus,
325 2017 386 2059 aon
400 1999 496 2059 solum
512 1997 745 2058 mirabilitate
768 1997 999 2068 immanissimo,
1023 1996 1105 2074 quod
1124 1994 1302 2067 atboererm,

237 2086 415 2164 praecipitio
438 2084 585 2157 summus,
609 2102 713 2143 rerrtm
738 2086 830 2145 etiam
856 2078 1040 2155 moabiticis,
1068 2088 1192 2142 uteret
1211 2080 1305 2158 pedes

131 2227 133 2230 .
241 2174 371 2244 ciamus,
388 2189 510 2231 rursum
523 2171 567 2230 sit
579 2177 745 2232 revocatus.

203 2343 298 2404 Anno
319 2342 360 2403 ab
383 2340 598 2403 incarnatione
622 2339 757 2403 Domini
779 2339 947 2403 millesimo
969 2338 1144 2403 centesimo
1166 2338 1304 2414 decimn,

157 2427 355 2512 temporibus
363 2425 495 2490 Henrici
509 2426 595 2513 regis
613 2427 740 2525 Angliae
755 2425 1048 2511 praecellentissimi,
1061 2425 1118 2488 filii
1134 2425 1218 2509 regis
1232 2425 1307 2488 Wil-

157 2513 256 2590 lelmi,
280 2513 336 2598 qui
358 2513 479 2600 A'nglos
504 2512 698 2576 Normannis
719 2535 751 2575 m
773 2535 870 2577 manu
891 2512 967 2577 lorti
987 2512 1141 2589 subdidit,
1158 2512 1307 2575 dominus

161 2599 330 2676 Ricardus,
354 2600 615 2664 abbas-ecelesia
643 2601 752 2662 Sancti
771 2601 886 2663 Albani
903 2601 1083 2687 Anglorum
1106 2600 1309 2682 prothomar-

159 2687 249 2774 tyris,
266 2685 426 2771 preciosas
444 2686 625 2751 Beatissimi
647 2687 746 2770 Regis
770 2700 803 2750 et
824 2687 977 2774 Martyris
1002 2686 1123 2751 Osirini
1145 2686 1305 2772 reliquias,

158 2797 233 2838 cum
259 2795 376 2858 magno
400 2774 476 2837 cleri
503 2774 644 2858 tripudio
667 2774 699 2835 in
714 2797 830 2838 novam
858 2775 985 2838 Sanctae
1003 2773 1119 2836 Mariae
1145 2773 1308 2837 transtulit

160 2859 327 2925 ecclesiam
349 2860 390 2924 de
415 2861 654 2946 Tynemudthd,
679 2863 720 2924 ab
742 2861 909 2925 ecclesiola
931 2861 1075 2944 ejusdem
1098 2858 1250 2942 Virginis,
1275 2860 1309 2921 in

162 2947 226 3034 qud
240 2949 358 3031 corpus'
370 2950 437 3034 ejus
452 2948 683 3011 sanctissimum
698 2949 861 3012 inventum
877 2960 940 3023 est3
956 2961 988 3011 et
1005 2948 1046 3010 de
1062 2946 1164 3009 veteri
1175 2945 1308 3023 feretro,

160 3056 227 3120 quo
256 3033 310 3097 diu
331 3034 568 3111 continebatur,
587 3035 619 3098 in
637 3057 756 3099 novum
774 3035 1004 3099 honorabiliter
1023 3033 1228 3097 sublimatum
1248 3046 1308 3109 est,

161 3119 403 3185 tertiadecima
424 3120 632 3186 kalendarum
649 3123 898 3207 Septembrium,
923 3122 976 3185 dic
994 3121 1057 3207 qual
1075 3134 1108 3185 et
1127 3143 1237 3204 passus
1249 3134 1310 3183 est.

165 3207 345 3272 Interfuere
365 3208 461 3271 etiam
478 3208 572 3292 hujus
587 3211 740 3294 jocundae
755 3209 936 3273 festivitatis
946 3209 1016 3294 jam
1030 3207 1198 3291 duplicatis
1213 3221 1250 3270 ut
1264 3206 1311 3270 ita

161 3294 299 3359 dixerim
331 3295 849 3372 audiiS‚Rau1dlusD11uelmensis
857 3293 1310 3381 Episcopus,dominusHugo

163 3382 261 3446 abbas
275 3320 529 3461 Salesberiensis,
546 3407 611 3448 non
626 3384 694 3448 sine
708 3383 856 3468 religiosa
870 3382 1098 3446 monachorum
1114 3381 1165 3445 vel
1179 3379 1313 3444 clerico-

163 3491 236 3533 rum
250 3464 468 3534 multitudine.
517 3471 681 3545 Quantum
700 3484 808 3535 autem
824 3469 994 3555 promiscui
1010 3469 1106 3532 seriis
1121 3490 1158 3532 ac
1174 3467 1310 3531 diversae

95 3629 98 3638 ¹
164 3555 268 3622 aetatis
298 3557 463 3641 populum,
491 3560 534 3621 ad
561 3570 659 3623 tantae
677 3557 887 3622 solemnitatis
912 3555 1161 3621 celebrationem
1187 3554 1311 3618 famosa

168 3642 263 3707 Beati
285 3643 438 3730 Martyris
457 3646 560 3728 gloria
577 3645 771 3722 invitaverit,
792 3645 942 3707 invitatos
957 3643 998 3707 de
1020 3642 1152 3706 diversis
1167 3641 1312 3725 partibus

165 3731 418 3814 congregaverit,
446 3733 584 3817 parvitas
609 3746 719 3797 nostra
740 3731 861 3796 referre
887 3752 952 3793 nou
973 3729 1100 3792 sufficit.
1149 3728 1198 3792 Ut
1224 3728 1312 3796 enim

169 3817 279 3881 Sancti
297 3817 449 3904 Martyris
465 3821 579 3884 merita
592 3820 733 3908 gloriosa
748 3831 822 3882 tunc
837 3816 935 3881 etiam
950 3839 992 3880 ex
1001 3815 1096 3879 solito
1107 3815 1314 3899 propalaren-

166 3918 230 3980 tur,
251 3927 316 3968 non
332 3905 398 3970 sine
417 3906 527 3970 divino
547 3921 628 3971 nutu
647 3919 748 3969 totae
769 3917 931 3968 tantorum
953 3904 1134 3966 testimonia
1148 3901 1315 3964 hominum

166 3990 292 4056 affuisse
315 3994 510 4058 credendum
532 4005 592 4057 est.
640 3993 678 4056 ln
700 4013 837 4077 quorum
859 3989 1002 4052 omnium
1023 3989 1123 4053 ferme
1144 3987 1316 4073 praesentia

168 4078 319 4154 divinitus
337 4081 535 4145 declaratum
551 4091 609 4156 est,
631 4101 778 4164 quaenam
792 4078 855 4141 sint
870 4076 956 4160 apud
974 4075 1150 4140 Dominum
1166 4077 1235 4160 ejus
1249 4097 1318 4138 me-

166 4164 239 4243 rita,
256 4189 314 4230 cur
329 4166 396 4250 ipsd
410 4167 463 4230 die
479 4166 682 4230 celebrantur
696 4164 777 4228 festa
791 4162 941 4246 duplicia.
960 4164 1043 4228 Cum
1058 4163 1143 4227 enim
1153 4163 1224 4246 jam
1238 4161 1316 4225 dicti

167 4265 274 4334 patres
286 4253 364 4318 illud
380 4274 513 4316 summae
522 4250 702 4314 devotionis
713 4263 746 4313 et
759 4249 887 4334 pietatis
898 4249 1005 4313 studio
1017 4251 1156 4316 officium
1168 4249 1318 4313 exultan-

167 4339 251 4405 tibus
267 4339 377 4405 animis
393 4337 600 4426 peregissent,
617 4336 849 4424 celebratisque
864 4336 1029 4404 missarum
1042 4335 1213 4413 solemniis,
1227 4335 1318 4420 plebs
