2888 5018
162 336 187 401 t
528 310 705 436 ..²2251'TA
735 349 874 398 usuum

162 535 235 601 quae
256 511 442 596 perstrinxit
460 485 581 604 Sancti
591 512 704 574 merita
725 510 819 574 latius
838 511 935 594 juxta
956 510 1172 594 possibilitatis
1189 512 1320 576 medio-

162 599 308 663 critatem
326 597 614 686 narrare'ipstituo,
633 621 734 682 pauca
751 612 856 661 tamen
879 599 919 661 ab
939 597 1073 659 aliorum
1097 598 1237 662 historiis
1254 623 1317 664 ex-

161 685 305 771 cerpta*
321 677 514 786 fideinjagis
534 685 720 749 accedentia
741 685 907 748 intersere.
954 688 1095 765 Explicit
1109 689 1268 768 prologus

164 947 263 1012 cAP.
290 934 357 1036 ‘Ises
366 947 483 1027 Incipit
506 949 653 1028 quomodo
676 947 794 1009 Beatus
824 946 978 1020 oswinus,
1002 948 1041 1008 ab
1063 952 1166 1009 atavis
1188 951 1317 1028 regibus

224 1027 361 1123 :flaccos
375 1038 533 1114 originem,
550 1042 759 1113 postmortem
778 1037 883 1113 patris
898 1037 948 1094 sui
962 1054 1029 1094 cum
1044 1038 1111 1095 suis
1125 1036 1248 1098 honeste*
1260 1058 1315 1098 ex·

184 1113 408 1202 ‚⁴.'··.'311uvcrt’t;
424 1129 454 1182 ct
469 1129 543 1201 post
562 1122 745 1192 decennium,
764 1121 979 1182 haereditarius
1000 1140 1054 1182 rec
1076 1122 1254 1201 Deyroram
1269 1125 1318 1186 ad

136 1284 145 1299 ι
181 1200 349 1299 “istvotum
367 1211 467 1288 gentis
482 1210 567 1269 illius
581 1207 704 1289 effictus
718 1210 767 1269 sit.

210 1380 377 1444 Gloriosus
404 1380 501 1463 igitur
530 1379 666 1465 Deoque
690 1379 825 1442 dilectus
850 1378 895 1439 vir
920 1379 1119 1442 venerandus
1149 1379 1309 1461 Oswinus,

126 1466 136 1508 ἶ
161 1464 252 1531 claris
268 1482 356 1530 ortus
373 1467 542 1542 natalibus,
557 1465 640 1549 regis
660 1465 712 1528 De
735 1489 843 1529 rorum
864 1465 966 1529 Osrici
983 1465 1042 1527 fuit
1058 1466 1152 1530 filius.
1200 1466 1313 1531 Nord-

162 1554 414 1617 tbanunbrorum
428 1553 511 1636 regis
524 1552 686 1615 clarissimi
747 1552 841 1614 dwini
858 1553 1053 1637 propinquus
1070 1553 1188 1630 extitit,
1202 1569 1313 1638 pater·

160 1640 257 1725 nique
282 1638 424 1701 sternatis
454 1638 703 1722 generositatem
731 1661 855 1702 morum
884 1639 1044 1722 probitate
1069 1641 1307 1718 transcendens,

161 1727 258 1790 fidem
280 1724 377 1790 Cristi
397 1727 492 1788 bonae
509 1724 622 1788 indolis
646 1747 726 1808 puer
741 1724 894 1800 excoluit,
912 1747 931 1787 a
947 1726 1009 1809 qula
1032 1740 1123 1809 pater
1146 1740 1219 1810 post
1241 1751 1311 1792 sus·

160 1811 455 1898 ceptumpbaptismi
471 1825 702 1875 sacramentum
719 1824 902 1895 apostatans
918 1812 1123 1876 exorbitavit.
1173 1815 1309 1879 Sublato

160 1922 296 1987 namque
320 1900 360 1963 de
385 1899 492 1963 medio
517 1898 651 1983 praefato
680 1897 1026 1982 Nordthanynbrorum
1048 1922 1124 1983 rege
1142 1900 1307 1979 AEdwin0,

158 1999 379 2052 'successerunt
392 1987 421 2050 ei
437 1987 502 2050 duo
518 2008 629 2070 reges3
646 2007 782 2070 quorum
799 2008 879 2048 unus
892 1986 975 2048 lilius
991 1987 1096 2069 patrui
1113 1987 1161 2049 sui
1178 1988 1308 2053 AElfrici

159 2088 240 2152 erat,
262 2074 391 2138 Osricus
415 2073 563 2148 nomine,
588 2073 669 2135 alter
692 2073 774 2135 filius
798 2072 998 2148 AEtbelfridi,
1016 2074 1069 2159 qui
1093 2088 1167 2137 ante
1184 2075 1311 2139 AEdwi-

139 2228 140 2232 ,
160 2184 236 2224 num
251 2175 452 2244 regnaverat,
467 2160 570 2222 dictus
584 2159 761 2223 AEnfridus.
810 2159 854 2222 Hi
866 2159 1213 2245 Nordthanynbrorum
1229 2185 1310 2246 gen·

159 2262 236 2324 tem,
261 2247 435 2310 secundum
459 2246 546 2332 quod
569 2244 743 2331 antiquitus
767 2258 846 2323 erat,
868 2246 899 2308 in
923 2247 1001 2310 duas
1025 2247 1202 2332 provincias
1226 2250 1310 2313 divi·

159 2335 283 2409 dentes,
320 2332 449 2398 Osricus
479 2332 565 2396 beati
601 2332 720 2396 Oswini
747 2333 845 2397 frater
882 2356 1016 2418 regnum
1049 2334 1242 2420 Deyrorum,
1274 2352 1307 2400 et

159 2420 328 2486 AEnfridus
349 2419 568 2483 Berniciorum
590 2418 648 2482 sibi
664 2421 892 2504 gubernacula,
909 2422 998 2507 quasi
1014 2422 1220 2486 successionis
1230 2423 1307 2507 jure

159 2508 380 2572 vendicarunt.
429 2505 617 2591 Prodiitque
630 2507 719 2592 quasi
735 2531 776 2571 ex
793 2508 887 2592 adipe
903 2508 1075 2593 iniquitatis
1091 2532 1213 2586 eorum,
1228 2510 1307 2574 dum

157 2595 255 2660 fidem
274 2593 370 2660 Cristi
386 2616 483 2680 quam
506 2616 659 2678 pauperes
675 2609 891 2680 susceperant,
911 2596 978 2679 jam
996 2595 1109 2658 divites
1125 2596 1201 2659 facti
1218 2597 1308 2681 abje-

156 2696 280 2760 cerunt,
305 2681 521 2767 excitavitque
546 2680 704 2744 Dominus
727 2683 877 2747 baculum
899 2681 1014 2746 furoris
1037 2683 1086 2745 sui
1112 2683 1308 2748 Caedwalam

156 2792 266 2854 regem
286 2769 466 2845 Britonum,
484 2781 517 2832 et
534 2791 573 2831 eo
588 2768 732 2833 ministro
748 2782 908 2854 apostatas
920 2792 1013 2852 reges
1029 2792 1129 2855 usque
1145 2771 1186 2833 ad
1209 2770 1308 2834 inter-

157 2857 314 2920 nicionem
338 2854 504 2940 percussit.
552 2855 774 2942 Tuleruntque
798 2857 935 2920 Beatum
956 2856 1119 2920 Oswinum
1135 2858 1305 2945 propinqui

156 2956 190 3008 et
205 2944 346 3006 fautores
369 2944 448 3028 ejus,
466 2941 542 3028 quia
564 2942 646 3006 infra
660 2966 759 3007 annos
776 2956 854 3019 erat,
872 2957 906 3007 et
926 2943 1030 3005 aetaris
1054 2943 1254 3008 imbecillitas
1271 2959 1305 3010 et

156 3029 316 3094 facultatis
334 3029 469 3093 tenuitas
493 3029 591 3113 patris
607 3044 744 3093 mortem
761 3029 923 3100 vindicare
939 3051 1003 3090 non
1025 3031 1254 3112 permittebat3
1272 3047 1305 3097 et

156 3141 228 3181 cum
260 3141 299 3181 eo
330 3116 413 3200 apud
444 3116 605 3181 Occiduos
640 3117 783 3180 Saxones
813 3136 872 3198 per
901 3115 1092 3178 decennium
1121 3119 1304 3184 exulatum.

159 3201 321 3270 Caedwala
342 3226 430 3281 vero,
459 3203 534 3267 licet
563 3202 659 3268 Cristi
685 3200 889 3266 sacramentis
912 3202 1053 3263 imbutus
1077 3217 1171 3279 esset,
1198 3219 1305 3269 tamen

153 3292 286 3376 perditis
302 3291 446 3355 moribus
467 3289 563 3355 Cristi
582 3287 695 3372 gratiae
718 3287 871 3370 ingratus,
889 3305 1019 3369 gentem
1042 3289 1305 3379 provinciamque

158 3378 509 3444 Nordthanimbrorum
532 3374 626 3439 armis
649 3375 813 3436 subactam
837 3372 991 3457 populare
1008 3376 1116 3460 coepit,
1135 3400 1192 3442 nec
1216 3379 1248 3441 in
1265 3382 1304 3444 ed

149 3467 231 3552 juris
247 3468 435 3554 aequitatem
451 3483 612 3536 exercere,
631 3460 771 3522 sedeam
787 3482 845 3543 per
857 3461 1083 3526 exterminium
1098 3464 1206 3530 delere
1220 3480 1304 3531 sata·

153 3555 262 3637 gebat.
311 3553 409 3636 Regis
433 3564 542 3613 tamen
565 3545 741 3608 dominium
765 3569 829 3609 uno
854 3570 938 3611 anno
953 3549 984 3611 iu
1000 3550 1148 3615 miseram
1170 3567 1304 3636 gentem
1368 3627 1370 3631 7

153 3641 213 3705 sibi
236 3639 412 3725 usurpavit,
430 3634 488 3698 sed
511 3632 649 3695 officium
672 3632 704 3694 in
728 3633 871 3698 dominio
893 3636 1021 3700 minime
1045 3640 1303 3706 commendavitr

155 3730 414 3812 Compassusque
437 3717 567 3806 pietatis
587 3717 745 3783 Dominus
768 3722 893 3786 miserae
915 3724 1019 3808 gentis
1036 3725 1181 3802 miseriae,
1204 3727 1304 3791 Sanc-

153 3829 221 3879 tum
254 3810 438 3878 Oswaldum
470 3803 612 3869 AEntridi
641 3806 771 3872 fratrem
800 3833 841 3874 ex
863 3812 973 3876 Accba
999 3835 1107 3875 sorore
1129 3815 1199 3897 jam
1225 3814 1303 3878 dicti

150 3901 236 3986 regis
253 3895 395 3963 AEdwini
410 3892 617 3978 progenitum
634 3896 818 3972 suscitavit3
843 3897 1009 3984 ipsumque
1025 3897 1152 3963 eximiae
1174 3900 1302 3985 pietatis

152 4001 186 4052 et
208 3983 368 4068 religionis
385 3981 487 4044 virum
506 3983 660 4065 congredi
683 4007 754 4047 cum
775 3986 945 4062 Caedwalla,
963 4009 1027 4048 non
1043 3987 1162 4050 viribus
1178 3990 1230 4052 vel
1253 4011 1303 4053 ar-

149 4072 207 4136 mis
224 4084 360 4146 tantum,
378 4068 435 4152 sed
457 4070 673 4153 compatiendi
696 4071 830 4135 caritate
845 4085 878 4135 et
902 4073 1060 4157 oppressis
1076 4076 1298 4153 subveniendi,

151 4157 203 4241 pia
229 4157 406 4222 intentione
434 4155 600 4241 disposuit.
649 4158 805 4222 Fraterna
830 4158 929 4243 igitur
952 4160 1095 4239 caritate,
1122 4184 1195 4248 quae
1219 4162 1302 4227 vinci

587 4339 600 4366 ⁴
624 4333 675 4383 Vel
687 4339 797 4399 excepta
809 4336 868 4382 MS.
