2888 5018
248 405 299 496 76
625 428 817 480 marmus
843 429 894 482 na
922 427 1026 479 onru

258 616 330 658 rum
352 592 524 657 abeuntem
548 591 654 657 redire
678 591 842 675 permisit3
858 589 977 669 dicens,
1003 589 1118 654 “Vide
1138 603 1175 654 ut
1197 612 1313 656 senem
1327 612 1400 677 pra-

257 692 420 766 ceptorem
439 694 528 744 tuunr
545 704 586 744 ex
602 702 675 743 meo
691 681 833 756 nomine,
850 680 938 765 quod
955 693 1003 743 est
1019 678 1261 764 inexplicabile,
1279 681 1401 757 salutes,

257 767 382 853 etquid
408 767 477 832 haec
501 770 609 832 omnia
632 767 691 831 tibi
715 767 909 852 portendant
929 766 1110 852 plenissime
1134 767 1175 830 ab
1203 765 1263 831 illo
1290 769 1402 833 discere

256 855 409 943 poteris.”

695 1191 812 1270 [CAP.
840 1190 971 1267 XVIL]

307 1421 393 1485 Puer
424 1441 501 1483 vero
536 1415 641 1481 statim
680 1415 824 1500 magistri
851 1414 992 1478 vultibus
1025 1426 1253 1497 praesentatun
1306 1415 1402 1481 Senex

261 1531 338 1573 vero
354 1529 431 1569 mox
448 1505 520 1570 visis
539 1502 671 1568 vasculis
696 1503 833 1579 subrisit,
851 1515 883 1566 et
902 1525 965 1566 uno
989 1523 1100 1565 eorum
1116 1500 1193 1565 dato
1209 1525 1315 1587 puero
1330 1503 1402 1567 intu-

261 1595 308 1657 lit.
356 1603 376 1633 “
391 1594 451 1668 En,
470 1615 559 1676 puer,
578 1591 656 1653 mira
682 1590 712 1652 in
740 1605 772 1653 te
799 1589 908 1653 futura
935 1589 1032 1651 virtus
1048 1588 1155 1653 diviua
1170 1590 1402 1676 pr·aesignavit.”

263 1681 341 1743 Erat
358 1695 464 1742 autent
492 1679 539 1740 vir
563 1678 626 1754 ille,
645 1680 698 1762 qui
715 1700 816 1760 puero
832 1677 1023 1759 comparuit,
1042 1689 1167 1740 matura
1182 1677 1266 1743 facie
1283 1694 1318 1744 et
1332 1703 1402 1744 cana

260 1765 668 1852 pulchritudineperfusus,
686 1779 718 1827 et
735 1765 821 1827 velut
838 1764 918 1846 ignis
935 1766 1066 1827 rutilans
1082 1765 1212 1828 flamma
1228 1766 1402 1833 choruscus.

264 1855 399 1918 Petente
415 1854 543 1917 demum
560 1874 671 1937 puer0,
688 1867 724 1915 nt
737 1852 766 1914 ei
782 1851 933 1937 magister
950 1852 1016 1915 visa
1032 1852 1204 1917 secretiora
1220 1869 1402 1941 exponeret,

261 1943 314 2006 ille
342 1943 531 2029 obsequens,
558 1942 665 2006 omnia
689 1939 827 2004 dilucide
851 1939 975 2016 institit,
1005 1955 1040 2002 ut
1068 1940 1237 2004 enodatius
1265 1943 1403 2028 aperiret.

264 2041 285 2073 ‘·
297 2032 420 2096 Senex''
438 2032 581 2116 inquiens
610 2039 631 2070 “
643 2051 739 2092 conus
767 2041 800 2091 et
826 2045 968 2091 maturus
991 2027 1053 2090 Dei
1071 2028 1205 2092 nuncius
1222 2030 1282 2094 tibi
1299 2031 1402 2108 astitit,

262 2119 370 2183 futura
385 2118 642 2203 compendiosius
655 2117 850 2180 detecturus¹
887 2115 970 2178 Nam
984 2115 1140 2194 navicula,
1154 2140 1219 2202 qua
1231 2119 1300 2182 salo
1317 2120 1403 2184 deve-

202 2269 204 2272 ,
262 2207 378 2282 bimur,
407 2207 551 2270 ecclesiae
578 2220 698 2268 sauctae
726 2219 773 2268 est
797 2226 884 2279 cura,
901 2226 973 2289 quae
996 2216 1060 2266 tuae
1082 2203 1113 2266 in
1136 2204 1248 2268 alienis
1265 2208 1401 2292 partibus

262 2293 417 2356 custodiae
441 2317 461 2356 a
488 2292 631 2355 Domino
656 2293 834 2374 delegatur.
884 2291 1008 2355 Domus
1027 2294 1078 2355 cui
1107 2291 1233 2357 inhaesit
1257 2296 1401 2372 anchora,

262 2379 399 2442 caelestis
423 2393 470 2443 est
496 2393 528 2443 et
551 2379 691 2442 solitaria
708 2378 842 2454 mansio,
860 2402 933 2466 qure
950 2380 1008 2443 tibi
1025 2379 1055 2441 in
1072 2379 1178 2444 aliena
1193 2385 1401 2470 praesignatur

261 2465 436 2550 provincia.
485 2467 570 2530 Haec
601 2466 661 2529 tria
693 2488 767 2528 vero
797 2467 926 2529 vascula
958 2467 1049 2530 unius
1079 2470 1112 2529 in
1140 2483 1252 2534 sancta
1269 2471 1402 2537 trinitate

265 2553 403 2617 Deitatis
420 2555 566 2618 colendae
583 2569 616 2617 et
628 2554 841 2638 praedicandae
856 2559 1050 2638 praesignant
1065 2557 1275 2640 exemplaria.
1321 2560 1405 2636 Quo·

261 2663 332 2705 rum
347 2642 426 2705 mihi
442 2643 507 2706 duo
531 2643 699 2718 debentur,
718 2641 793 2728 quia
808 2641 940 2705 rudibus
964 2641 1090 2728 populis
1112 2644 1330 2726 credentibus,
1347 2650 1405 2711 duo

262 2732 486 2795 tantummodo
512 2744 585 2794 sunt
612 2745 775 2816 praecepta
797 2731 1011 2815 praedicanda.
1061 2731 1138 2795 Uno
1154 2754 1233 2795 vero
1248 2758 1324 2799 vase
1340 2734 1407 2799 soli·

262 2819 341 2882 tudo
368 2835 433 2884 tuae
461 2818 619 2902 religiosae
643 2817 846 2884 conscientiae
878 2818 1069 2896 ostenditur,
1097 2840 1169 2903 quae
1196 2821 1281 2885 aulae
1308 2823 1406 2888 unicae

264 2906 403 2970 Deitatis
434 2907 542 2970 futura
569 2907 764 2992 praedicitur.
812 2905 887 2969 Non
918 2907 1067 2992 equidem
1091 2907 1224 2971 ulterius
1247 2910 1357 2976 vivens
1379 2910 1406 2972 in

261 3015 400 3077 corpore
412 2996 445 3057 in
457 2995 515 3058 has
527 2997 706 3077 provincias
719 3019 754 3059 es
766 3017 961 3071 reversurus,
973 2995 1028 3058 sed
1046 2993 1146 3078 magis
1159 3018 1218 3079 per
1234 2997 1408 3064 Britanniae

261 3081 341 3143 fines
366 3094 480 3164 gentes
507 3081 659 3166 plurimas
687 3105 897 3146 conversurus
921 3083 1112 3149 incredulas.
1163 3081 1248 3148 Nam
1274 3110 1322 3166 ea,
1339 3109 1406 3174 quae

261 3167 378 3247 vidisti,
395 3181 470 3232 sunt
480 3168 676 3252 exemplaria
687 3170 878 3248 futurorum,
892 3193 954 3234 non
971 3170 1138 3234 fantastica
1150 3169 1290 3240 ludibria
1305 3199 1405 3261 somp-

262 3254 422 3338 niorum.''
463 3257 513 3320 Ad
531 3256 631 3320 litoris
647 3259 747 3341 optati
763 3273 892 3343 portum
909 3260 1038 3323 demum
1052 3261 1279 3344 pervenientes
1295 3276 1408 3328 cuncta

264 3343 324 3405 sibi
348 3345 506 3409 salubrius
533 3345 675 3409 arridere
702 3347 915 3431 congaudent,
932 3361 965 3411 et
981 3348 1046 3411 Dei
1064 3368 1195 3411 munera
1210 3348 1270 3413 sibi
1287 3353 1321 3416 in
1336 3351 1407 3416 mis·

263 3431 351 3495 teriis
366 3435 519 3515 revelata,
536 3457 610 3498 cum
627 3435 729 3499 multa
744 3435 887 3500 cordium
904 3435 1069 3500 alacritate
1085 3436 1268 3506 sustollunt.

689 3821 806 3911 [cire.
831 3817 980 3905 xrnr]

310 4047 395 4110 Ecce
411 4045 508 4134 igitur
524 4047 585 4113 illis
601 4049 632 4110 in
649 4059 745 4132 portu
760 4041 974 4110 residentibus
999 4057 1032 4108 et
1055 4045 1202 4110 certatim
1219 4047 1261 4110 de
1279 4051 1351 4114 navi
1374 4049 1407 4115 in

259 4135 394 4223 Angliae
408 4134 517 4201 littora
532 4134 682 4222 progredi
705 4133 940 4206 festinantibus
957 4130 1064 4196 subito
1080 4156 1153 4197 cunr
1169 4135 1292 4219 impetu
1309 4138 1412 4203 maxi-

262 4247 317 4288 mo
341 4222 457 4289 vitulus
482 4225 536 4287 ille
559 4224 700 4285 marinus
724 4221 909 4298 adveniens,
934 4216 1039 4281 exitus
1063 4220 1164 4286 litoris
1188 4223 1354 4309 anticipat,
1380 4243 1412 4292 et

261 4311 379 4376 librum
402 4333 498 4395 super
520 4309 642 4374 aridam
666 4311 819 4375 evomuit.
877 4307 970 4372 Tunc
986 4309 1213 4394 congratulans
1229 4314 1410 4380 cornminus

261 4399 405 4477 accessit,
422 4397 603 4485 librumque
618 4419 710 4461 suum
726 4394 855 4481 recepit.
906 4393 1026 4460 Videns
1042 4397 1181 4484 denique
1197 4421 1280 4483 puer
1294 4402 1412 4470 librum
