2888 5018
150 357 198 423 14
594 373 684 420 vrrs
714 373 851 422 osirim

146 535 283 641 praes'ple
299 555 413 616 corpus
429 531 510 596 sacri
526 519 685 618 sanguinis
701 534 857 599 effusione
874 534 948 598 Deo
965 532 1117 611 dicatum,
1135 547 1169 598 et
1194 528 1303 601 lotum

145 621 250 723 primo
274 620 484 683 mundissimis
507 619 681 684 involvitur
703 621 841 698 lintheis,
867 621 983 685 deinde
1000 621 1101 706 palliis
1118 622 1300 706 preciosis;

147 724 179 774 at
204 710 237 773 in
261 707 424 771 mausoleo
448 730 521 770 cum
545 729 662 792 magno
680 708 804 772 honore
828 707 1053 772 reconditum
1044 731 1077 770 in
1093 709 1300 775 eminentiori

147 795 291 862 ecclesiae
318 794 390 858 loco
416 794 603 858 collocatur.
665 796 877 859 Lavacrum
870 797 978 879 igitur,
995 819 1060 881 quo
1084 796 1231 860 ablutum
1249 811 1300 862 est

145 905 261 968 corpus
284 881 526 981 sanctissimum,
549 882 581 945 in
604 883 723 969 angulo
739 882 871 946 oratorii
887 883 928 946 ad
944 883 1127 969 aquilonem
1142 883 1299 982 episcopo

147 993 189 1034 ex
216 968 371 1033 industria
394 968 609 1117 praecipiente·
624 969 819 1033 transfusum
835 982 895 1033 est.
945 969 1044 1042 Quod
1058 969 1166 1033 multis
1158 985 1299 1069 ”postea

146 1057 277 1142 profuit,
294 1078 357 1118 non
373 1054 474 1119 solum
501 1055 682 1132 romiuibuS,
700 1056 868 1120 sedetiam
884 1055 1082 1156 animalibus,
1100 1055 1194 1120 variis
1210 1080 1299 1122 mor·

144 1145 260 1209 borum
273 1144 442 1227 generibus
458 1142 687 1206 laborantibus.
736 1143 820 1207 Nam
836 1142 985 1231 quotiens
995 1143 1119 1224 sontico
1129 1142 1204 1207 vel
1197 1156 1299 1209 mter-

144 1232 255 1330 ροΙιιιο
278 1230 393 1293 morbo
415 1230 607 1312 gravabatur
626 1229 676 1292 vel
702 1230 868 1293 hominum
893 1231 941 1294 vel
963 1217 1146 1329 animalium
1169 1245 1296 1310 natura,

145 1317 248 1403 pulvis
273 1339 363 1380 sacro
387 1315 537 1379 lavachro
564 1338 762 1401 conspersus,
788 1317 916 1380 modico
935 1339 1028 1404 aquae
1051 1316 1083 1379 in
1080 1321 1198 1403 jectuS,
1223 1320 1296 1384 eta

145 1405 318 1489 languente
340 1404 424 1488 aqua
442 1402 603 1467 mediante
619 1404 761 1481 haustus,
779 1404 960 1468 citissimam
976 1343 1162 1468 consedebat
1177 1404 1297 1470 sanita-

145 1504 213 1556 tem
228 1504 262 1554 et
277 1490 426 1553 collatam
441 1489 633 1572 protractius
653 1492 873 1554 conservabat
921 1491 1020 1554 Facta
1035 1504 1085 1554 est
1100 1504 1209 1554 autem
1224 1491 1296 1556 haec

145 1576 288 1641 inventio
305 1575 413 1639 Sancti
434 1576 531 1659 Regis
554 1589 588 1639 et
606 1577 759 1662 Martyris
779 1577 911 1654 Oswini,
928 1600 1013 1641 anno
1030 1603 1046 1642 a
1063 1578 1210 1677 passione
1226 1580 1297 1664 ejus

168 1661 459 1746 uadringentesimo
484 1676 598 1749 quarto
625 1663 761 1740 decimo,
780 1663 928 1728 videlicet
959 1687 1043 1728 anno
1069 1664 1296 1729 incarnationis

145 1687 330 1814 bominicae
350 1748 519 1812 millesimo
546 1750 748 1834 sexagesimo
774 1751 897 1836 quinto,
931 1751 1043 1837 quinto
1068 1749 1139 1814 idria
1168 1752 1295 1816 Martii.

149 1837 192 1901 Et
214 1836 290 1923 quia
312 1835 446 1920 praedict
448 1858 483 1899 us
503 1837 620 1901 Comes
639 1836 819 1900 Thestius
811 1851 965 1902 mteresse
982 1852 1102 1902 sanctae
1118 1839 1297 1902 inventioni

145 1924 316 1988 inditione
332 1925 388 1987 sua
411 1923 505 1986 factae
530 1924 641 2000 noluit,
659 1925 774 1988 eodem
798 1947 881 1988 anno
897 1925 996 2008 culpis
1012 1925 1075 1988 suis
1091 1925 1296 2009 exigentibus

145 2013 187 2076 ab
206 2011 383 2094 Anglorum
403 2032 504 2094 regno
530 2011 692 2096 expulsus,
715 2012 802 2112 apud
826 2012 1046 2076 Baldewinum
1064 2012 1297 2076 Flandreusem

148 2101 321 2174 Comitem,
339 2098 428 2180 cujus
445 2098 543 2160 filiam
571 2098 630 2162 sibi
658 2099 861 2162 matrimonio
895 2099 1112 2183 copulaverat,
1140 2099 1296 2164 exulavit.

110 2226 112 2229 .
149 2186 193 2250 Et
208 2186 357 2271 sequenti
375 2206 460 2247 anno
475 2185 609 2248 Haraldi
626 2185 709 2269 ragis
726 2186 851 2270 Angliae
867 2200 899 2249 et
914 2186 1020 2250 fratris
1036 2210 1083 2249 sm
1075 2186 1208 2273 gladio
1221 2209 1295 2250 cum

146 2271 411 2355 Norre'ganorum
423 2293 500 2354 rege
515 2272 696 2350 Haraldo,
688 2296 721 2335 m
736 2274 809 2336 loco
825 2273 879 2359 qui
896 2287 970 2336 tunc
994 2240 1291 2375 Stanfordebrigge,

144 2382 229 2424 nunc
246 2381 322 2422 vero
341 2358 425 2421 Pons
445 2358 528 2422 Belli
544 2359 671 2436 dicitur,
690 2361 730 2424 de
753 2359 862 2423 medio
877 2360 1092 2423 sublatust
1044 2373 1104 2424 est.
1163 2360 1224 2423 His
1248 2364 1294 2424 ita

145 2448 255 2531 gestis,
284 2447 452 2530 episcopus
479 2447 677 2530 AEgelwinus
700 2446 880 2511 Comitissae
896 2447 1009 2510 Judith
1030 2470 1093 2510 non
1113 2447 1292 2547 immemor,

145 2533 275 2618 capillos
290 2533 393 2598 sancti
409 2533 536 2597 verticis
553 2535 640 2619 apud
655 2549 856 2620 sequestrum
872 2533 955 2597 inter
977 2534 1150 2598 lavandum
1173 2534 1292 2619 posuit,

144 2643 225 2721 quos
248 2621 387 2705 putredo
409 2643 474 2698 non
496 2634 746 2704 consumpserat,
765 2634 906 2684 vetustas
922 2643 985 2684 non
1002 2636 1199 2720 corruperat,
1222 2644 1296 2685 ver·

144 2709 203 2773 mis
227 2708 396 2795 denique
388 2731 420 2771 m
443 2708 531 2770 nullo
554 2708 691 2785 laeserat,
716 2725 750 2771 et
772 2723 904 2792 peracto
920 2709 1110 2773 convenient
1112 2733 1147 2773 er
1098 2708 1296 2772 t-transla

144 2796 243 2861 tionis
271 2797 387 2873 officio,
419 2818 528 2858 secum
557 2795 599 2858 ad
633 2795 749 2860 Comit
728 2810 836 2859 tissam
863 2819 936 2859 cum
963 2797 1086 2859 summa
1114 2795 1294 2860 reverentia

146 2883 273 2948 detulit.
347 2883 449 2945 Porro
484 2879 593 2945 Sancti
624 2904 738 2968 corpus
770 2896 878 2946 utrum
910 2897 1074 2968 repertum
1111 2883 1152 2948 sit
1188 2896 1295 2946 totum

145 2969 358 3053 corruptionis
388 2968 537 3043 alienum,
564 2991 605 3031 an
632 2992 726 3033 carne
753 2970 930 3072 putredinis
958 2971 1068 3035 debito
1093 2971 1293 3054 cousumpta,

146 3056 264 3121 ossium
287 3068 320 3119 et
341 3054 560 3139 capillorum
553 3056 721 3154 integritas
745 3058 784 3119 sit
808 3057 993 3140 dignatione
1016 3080 1163 3142 supernae
1179 3056 1294 3144 gratiae

145 3156 318 3216 reservata,
342 3164 407 3205 non
437 3141 564 3224 legitur,
593 3155 626 3204 et
650 3142 722 3206 ideo
745 3144 872 3207 deliniri
896 3160 1006 3209 nostro
1027 3145 1100 3209 stilo
1124 3168 1188 3208 non
1212 3166 1296 3228 prae·

146 3230 292 3295 sumitur.
355 3227 471 3312 Capilli
503 3240 610 3291 tamen
640 3229 707 3294 sine
738 3230 838 3295 dubio
873 3231 1058 3317 incorrupti,
1091 3254 1225 3317 corpore
1261 3231 1294 3293 in

146 3318 315 3416 pulverem
324 3315 489 3392 redact0,'
482 3314 615 3379 inveniri
628 3331 813 3400 potuerunt.
851 3319 999 3384 Vidimus
1011 3319 1130 3406 quippe
1142 3318 1218 3384 boni
1230 3331 1295 3382 tes·

146 3403 270 3469 timonii
288 3403 380 3480 viros,
397 3426 451 3488 qui
443 3402 583 3467 vidisse
599 3427 632 3468 se
647 3406 877 3505 perhibuerunt
893 3408 1079 3492 corporibus
1094 3422 1295 3470 mortuorum

146 3490 354 3574 consumptis,
372 3490 502 3574 capillos
519 3513 630 3555 eorum
645 3492 856 3579 incorruptos,
871 3495 912 3559 de
928 3516 1064 3593 quorum
1080 3507 1189 3558 tamen
1204 3515 1295 3556 sanc-

146 3580 239 3644 titate
263 3577 341 3640 nihil
363 3578 543 3643 audierunt.
593 3579 773 3682 Eapropter
796 3583 897 3647 multi>
921 3581 1103 3645 credibilius
1124 3595 1184 3658 est,
1210 3579 1295 3643 idem

146 3665 318 3753 contigisse
334 3665 367 3728 in
393 3666 512 3730 Sancto
527 3667 568 3730 de
584 3671 674 3754 cujus
697 3669 799 3753 gloria
814 3667 985 3732 certissime
1002 3683 1138 3746 constat,
1155 3668 1229 3732 licet
1253 3666 1295 3730 de

146 3754 286 3839 corporis
311 3756 378 3839 ejus
409 3755 646 3839 incorruptione
677 3778 741 3819 non
771 3755 961 3819 omnimodis
992 3770 1128 3819 constet.
1189 3753 1295 3842 Igitur

146 3855 327 3927 praepotens
340 3855 372 3904 et
386 3841 504 3905 devota
519 3842 691 3920 femina,
662 3843 735 3906 visis
755 3842 864 3906 Sancti
881 3841 980 3924 Regis
993 3842 1137 3926 capillis
1129 3863 1296 3925 incorrup-

146 3929 197 4007 tis,
215 3929 370 3993 admirata
385 3943 434 3993 est
450 3929 683 4006 vehementiae,
701 3930 756 3992 sed
777 3927 924 3991 devotius
939 3928 1059 4010 gavisa
1109 3929 1295 4015 Vidensque

146 4018 273 4082 turbam
298 4040 361 4080 non
385 4017 555 4094 modicam,
580 4039 653 4101 quae
680 4015 839 4100 pontificis
864 4014 926 4078 iter
950 4015 1103 4080 comitata
1128 4016 1244 4094 fuerat,
1261 4028 1295 4079 et

145 4118 327 4170 sanctorum
340 4104 528 4202 capillorum
544 4103 733 4166 indemnitat
721 4116 785 4165 tem
801 4100 957 4179 audierat,
974 4103 1073 4167 voluit
1085 4127 1141 4168 eos
1157 4103 1296 4167 solidare

145 4192 177 4258 in
190 4185 254 4257 fide
264 4207 297 4256 et
313 4191 422 4256 Sancti
438 4189 558 4255 Oswiui
574 4189 757 4252 devotione.
805 4188 1018 4273 Praecipiens
1010 4205 1118 4279 itaque
1130 4193 1296 4275 copiosum

145 4280 252 4380 ignem
269 4276 431 4343 accendi
423 4300 455 4340 m
470 4276 578 4339 medio
593 4275 675 4338 aulae
690 4277 800 4359 regiae,
818 4275 948 4360 capillos
963 4277 1057 4342 lateri
1079 4276 1296 4378 superpositos

146 4367 253 4432 voraci
276 4367 413 4429 flammae
437 4361 565 4446 injecit3
590 4363 646 4426 sed
659 4363 789 4426 flamma
804 4363 920 4427 sanctis
936 4364 1057 4450 capillis
1072 4366 1117 4428 nil
1138 4364 1297 4428 molestioe
