<?xml version="1.0" encoding="UTF-8"?>
<!DOCTYPE html PUBLIC "-//W3C//DTD XHTML 1.0 Transitional//EN"
    "http://www.w3.org/TR/xhtml1/DTD/xhtml1-transitional.dtd">
<html xmlns="http://www.w3.org/1999/xhtml" xml:lang="en" lang="en">
 <head>
  <title>
</title>
<meta http-equiv="Content-Type" content="text/html;charset=utf-8" />
  <meta name='ocr-system' content='tesseract 3.04.00' />
  <meta name='ocr-capabilities' content='ocr_page ocr_carea ocr_par ocr_line ocrx_word'/>
</head>
<body>
  <div class='ocr_page' id='page_1' title='image "./miscellaneabiog00raingoog_0052.png"; bbox 0 0 2888 5018; ppageno 0'>
   <div class='ocr_carea' id='block_1_1' title="bbox 546 393 1293 459">
    <p class='ocr_par' dir='ltr' id='par_1_1' title="bbox 546 393 1293 459">
     <span class='ocr_line' id='line_1_1' title="bbox 546 393 1293 459; baseline 0.004 -3"><span class='ocrx_word' id='word_1_1' title='bbox 546 408 665 457; x_wconf 75' lang='lat' dir='ltr'><strong>nutus</strong></span> <span class='ocrx_word' id='word_1_2' title='bbox 681 408 905 456; x_wconf 83' lang='lat' dir='ltr'><strong>unrnonuu.</strong></span> <span class='ocrx_word' id='word_1_3' title='bbox 1249 393 1293 459; x_wconf 84' lang='lat'><strong>31</strong></span> 
     </span>
    </p>
   </div>
   <div class='ocr_carea' id='block_1_2' title="bbox 142 658 1300 827">
    <p class='ocr_par' dir='ltr' id='par_1_2' title="bbox 142 658 1300 827">
     <span class='ocr_line' id='line_1_2' title="bbox 142 658 1300 740; baseline -0.004 -12"><span class='ocrx_word' id='word_1_4' title='bbox 142 663 249 728; x_wconf 84' lang='lat' dir='ltr'><strong>CAP.</strong></span> <span class='ocrx_word' id='word_1_5' title='bbox 272 659 559 738; x_wconf 78' lang='lat' dir='ltr'><strong>XVL-Qualiter</strong></span> <span class='ocrx_word' id='word_1_6' title='bbox 582 661 616 720; x_wconf 84' lang='lat' dir='ltr'><strong>ia</strong></span> <span class='ocrx_word' id='word_1_7' title='bbox 637 658 764 721; x_wconf 71' lang='lat' dir='ltr'><strong>ecclesia</strong></span> <span class='ocrx_word' id='word_1_8' title='bbox 787 658 853 740; x_wconf 68' lang='lat' dir='ltr'><strong>otiu</strong></span> <span class='ocrx_word' id='word_1_9' title='bbox 875 658 985 721; x_wconf 75' lang='lat' dir='ltr'><strong>mulier</strong></span> <span class='ocrx_word' id='word_1_10' title='bbox 999 659 1037 722; x_wconf 87' lang='lat' dir='ltr'><strong>dc</strong></span> <span class='ocrx_word' id='word_1_11' title='bbox 1051 661 1205 722; x_wconf 84' lang='lat' dir='ltr'><strong>territorio</strong></span> <span class='ocrx_word' id='word_1_12' title='bbox 1227 660 1300 723; x_wconf 80' lang='lat' dir='ltr'><strong>Da·</strong></span> 
     </span>
     <span class='ocr_line' id='line_1_3' title="bbox 255 744 1189 827; baseline -0.003 -15"><span class='ocrx_word' id='word_1_13' title='bbox 255 749 401 823; x_wconf 74' lang='lat' dir='ltr'><strong>aalmmsi</strong></span> <span class='ocrx_word' id='word_1_14' title='bbox 415 744 437 810; x_wconf 84' lang='grc' dir='ltr'><em>ὰ</em></span> <span class='ocrx_word' id='word_1_15' title='bbox 451 765 557 810; x_wconf 80' lang='lat' dir='ltr'><strong>renum</strong></span> <span class='ocrx_word' id='word_1_16' title='bbox 572 747 731 826; x_wconf 73' lang='lat' dir='ltr'><strong>torquere,</strong></span> <span class='ocrx_word' id='word_1_17' title='bbox 747 764 808 827; x_wconf 85' lang='lat' dir='ltr'><strong>qao</strong></span> <span class='ocrx_word' id='word_1_18' title='bbox 822 745 992 820; x_wconf 77' lang='lat' dir='ltr'><strong><em>laborabat,</em></strong></span> <span class='ocrx_word' id='word_1_19' title='bbox 1010 748 1052 808; x_wconf 79' lang='lat' dir='ltr'><strong>rit</strong></span> <span class='ocrx_word' id='word_1_20' title='bbox 1065 754 1189 809; x_wconf 79' lang='lat' dir='ltr'><strong>sauata.</strong></span> 
     </span>
    </p>
   </div>
   <div class='ocr_carea' id='block_1_3' title="bbox 144 915 1302 2479">
    <p class='ocr_par' dir='ltr' id='par_1_3' title="bbox 144 915 1302 2479">
     <span class='ocr_line' id='line_1_4' title="bbox 193 915 1300 1005; baseline -0.001 -20"><span class='ocrx_word' id='word_1_21' title='bbox 193 920 280 986; x_wconf 92' lang='lat' dir='ltr'><strong>Illud</strong></span> <span class='ocrx_word' id='word_1_22' title='bbox 296 919 393 983; x_wconf 89' lang='lat' dir='ltr'><strong>etiam</strong></span> <span class='ocrx_word' id='word_1_23' title='bbox 409 918 472 982; x_wconf 85' lang='lat' dir='ltr'><strong>fert</strong></span> <span class='ocrx_word' id='word_1_24' title='bbox 487 917 610 981; x_wconf 90' lang='lat' dir='ltr'><strong>animus</strong></span> <span class='ocrx_word' id='word_1_25' title='bbox 629 915 761 980; x_wconf 89' lang='lat' dir='ltr'><strong>litterali</strong></span> <span class='ocrx_word' id='word_1_26' title='bbox 777 916 1003 980; x_wconf 86' lang='lat' dir='ltr'><strong>commendare</strong></span> <span class='ocrx_word' id='word_1_27' title='bbox 1018 918 1193 996; x_wconf 89' lang='lat' dir='ltr'><strong>memoriae,</strong></span> <span class='ocrx_word' id='word_1_28' title='bbox 1211 920 1300 1005; x_wconf 91' lang='lat' dir='ltr'><strong>quod</strong></span> 
     </span>
     <span class='ocr_line' id='line_1_5' title="bbox 144 1003 1300 1093; baseline -0.002 -21"><span class='ocrx_word' id='word_1_29' title='bbox 144 1010 177 1073; x_wconf 93' lang='lat' dir='ltr'><strong>in</strong></span> <span class='ocrx_word' id='word_1_30' title='bbox 195 1005 344 1093; x_wconf 86' lang='lat' dir='ltr'>sequenti</span> <span class='ocrx_word' id='word_1_31' title='bbox 358 1027 444 1069; x_wconf 88' lang='lat' dir='ltr'><strong>anno</strong></span> <span class='ocrx_word' id='word_1_32' title='bbox 458 1004 554 1068; x_wconf 92' lang='lat' dir='ltr'><strong>laude</strong></span> <span class='ocrx_word' id='word_1_33' title='bbox 577 1003 707 1088; x_wconf 86' lang='lat' dir='ltr'><strong>plenum</strong></span> <span class='ocrx_word' id='word_1_34' title='bbox 723 1015 757 1067; x_wconf 90' lang='lat' dir='ltr'><strong>et</strong></span> <span class='ocrx_word' id='word_1_35' title='bbox 778 1003 844 1067; x_wconf 89' lang='lat' dir='ltr'><strong>fide</strong></span> <span class='ocrx_word' id='word_1_36' title='bbox 860 1003 980 1067; x_wconf 85' lang='lat' dir='ltr'><strong>factum</strong></span> <span class='ocrx_word' id='word_1_37' title='bbox 1002 1005 1189 1088; x_wconf 89' lang='lat' dir='ltr'><strong>agnovimus</strong></span> <span class='ocrx_word' id='word_1_38' title='bbox 1204 1006 1300 1071; x_wconf 90' lang='lat' dir='ltr'><strong>mira-</strong></span> 
     </span>
     <span class='ocr_line' id='line_1_6' title="bbox 145 1089 1301 1178; baseline 0 -19"><span class='ocrx_word' id='word_1_39' title='bbox 145 1095 268 1160; x_wconf 84' lang='lat' dir='ltr'><strong>culum.</strong></span> <span class='ocrx_word' id='word_1_40' title='bbox 309 1091 494 1156; x_wconf 84' lang='lat' dir='ltr'><strong>Absurdum</strong></span> <span class='ocrx_word' id='word_1_41' title='bbox 510 1090 595 1154; x_wconf 91' lang='lat' dir='ltr'><strong>enim</strong></span> <span class='ocrx_word' id='word_1_42' title='bbox 611 1089 825 1173; x_wconf 74' lang='lat' dir='ltr'><strong>et‘indignum</strong></span> <span class='ocrx_word' id='word_1_43' title='bbox 842 1089 980 1168; x_wconf 89' lang='lat' dir='ltr'><strong>videtur,</strong></span> <span class='ocrx_word' id='word_1_44' title='bbox 998 1104 1035 1154; x_wconf 89' lang='lat' dir='ltr'><strong>ut</strong></span> <span class='ocrx_word' id='word_1_45' title='bbox 1048 1101 1204 1178; x_wconf 89' lang='lat' dir='ltr'><strong>quantum</strong></span> <span class='ocrx_word' id='word_1_46' title='bbox 1221 1094 1301 1159; x_wconf 92' lang='lat' dir='ltr'><strong>Om-</strong></span> 
     </span>
     <span class='ocr_line' id='line_1_7' title="bbox 145 1176 1300 1267; baseline -0.002 -22"><span class='ocrx_word' id='word_1_47' title='bbox 145 1183 298 1267; x_wconf 90' lang='lat' dir='ltr'><strong>nipotens</strong></span> <span class='ocrx_word' id='word_1_48' title='bbox 327 1178 486 1244; x_wconf 88' lang='lat' dir='ltr'>Dominus</span> <span class='ocrx_word' id='word_1_49' title='bbox 516 1199 576 1262; x_wconf 90' lang='lat' dir='ltr'><strong>per</strong></span> <span class='ocrx_word' id='word_1_50' title='bbox 597 1176 771 1260; x_wconf 89' lang='lat' dir='ltr'><strong>gloriosum</strong></span> <span class='ocrx_word' id='word_1_51' title='bbox 798 1176 921 1261; x_wconf 86' lang='lat' dir='ltr'>Regem</span> <span class='ocrx_word' id='word_1_52' title='bbox 945 1190 978 1241; x_wconf 91' lang='lat' dir='ltr'><strong>et</strong></span> <span class='ocrx_word' id='word_1_53' title='bbox 1003 1179 1183 1265; x_wconf 86' lang='lat' dir='ltr'><strong>Martyrem</strong></span> <span class='ocrx_word' id='word_1_54' title='bbox 1206 1203 1300 1244; x_wconf 92' lang='lat' dir='ltr'><strong>suum</strong></span> 
     </span>
     <span class='ocr_line' id='line_1_8' title="bbox 151 1263 1300 1350; baseline -0.001 -18"><span class='ocrx_word' id='word_1_55' title='bbox 151 1267 319 1333; x_wconf 88' lang='lat' dir='ltr'><strong>Oswinum</strong></span> <span class='ocrx_word' id='word_1_56' title='bbox 342 1264 469 1350; x_wconf 90' lang='lat' dir='ltr'><strong>operari</strong></span> <span class='ocrx_word' id='word_1_57' title='bbox 493 1263 653 1347; x_wconf 87' lang='lat' dir='ltr'>dignetur,</span> <span class='ocrx_word' id='word_1_58' title='bbox 682 1264 700 1325; x_wconf 65' lang='lat' dir='ltr'><strong>*a</strong></span> <span class='ocrx_word' id='word_1_59' title='bbox 726 1263 816 1326; x_wconf 90' lang='lat' dir='ltr'><strong>nullo</strong></span> <span class='ocrx_word' id='word_1_60' title='bbox 843 1264 895 1327; x_wconf 87' lang='lat' dir='ltr'><strong>vel</strong></span> <span class='ocrx_word' id='word_1_61' title='bbox 921 1264 1121 1350; x_wconf 88' lang='lat' dir='ltr'><strong>aliquatenus</strong></span> <span class='ocrx_word' id='word_1_62' title='bbox 1146 1267 1300 1350; x_wconf 91' lang='lat' dir='ltr'><strong>scriptum</strong></span> 
     </span>
     <span class='ocr_line' id='line_1_9' title="bbox 146 1349 1301 1436; baseline -0.002 -16"><span class='ocrx_word' id='word_1_63' title='bbox 146 1366 356 1420; x_wconf 81' lang='lat' dir='ltr'><strong>memoretur.</strong></span> <span class='ocrx_word' id='word_1_64' title='bbox 405 1350 503 1416; x_wconf 91' lang='lat' dir='ltr'><strong>Unde</strong></span> <span class='ocrx_word' id='word_1_65' title='bbox 518 1350 594 1436; x_wconf 89' lang='lat' dir='ltr'><strong>quia</strong></span> <span class='ocrx_word' id='word_1_66' title='bbox 608 1349 712 1413; x_wconf 89' lang='lat' dir='ltr'><strong>nullus</strong></span> <span class='ocrx_word' id='word_1_67' title='bbox 725 1349 840 1435; x_wconf 91' lang='lat' dir='ltr'><strong>estqui</strong></span> <span class='ocrx_word' id='word_1_68' title='bbox 856 1350 889 1413; x_wconf 91' lang='lat' dir='ltr'><strong>id</strong></span> <span class='ocrx_word' id='word_1_69' title='bbox 905 1350 1008 1435; x_wconf 91' lang='lat' dir='ltr'><strong>operis</strong></span> <span class='ocrx_word' id='word_1_70' title='bbox 1023 1352 1211 1436; x_wconf 74' lang='lat' dir='ltr'><strong>propensius</strong></span> <span class='ocrx_word' id='word_1_71' title='bbox 1223 1377 1301 1418; x_wconf 88' lang='lat' dir='ltr'><strong>exe-</strong></span> 
     </span>
     <span class='ocr_line' id='line_1_10' title="bbox 149 1436 1299 1529; baseline -0.002 -24"><span class='ocrx_word' id='word_1_72' title='bbox 149 1454 278 1529; x_wconf 88' lang='lat' dir='ltr'><strong>quatur,</strong></span> <span class='ocrx_word' id='word_1_73' title='bbox 292 1462 350 1503; x_wconf 93' lang='lat' dir='ltr'><strong>nos</strong></span> <span class='ocrx_word' id='word_1_74' title='bbox 365 1437 417 1523; x_wconf 72' lang='lat' dir='ltr'><strong>pie</strong></span> <span class='ocrx_word' id='word_1_75' title='bbox 433 1451 673 1523; x_wconf 73' lang='lat' dir='ltr'><strong>praesumentes,</strong></span> <span class='ocrx_word' id='word_1_76' title='bbox 688 1437 773 1500; x_wconf 90' lang='lat' dir='ltr'><strong>etde</strong></span> <span class='ocrx_word' id='word_1_77' title='bbox 789 1436 909 1500; x_wconf 86' lang='lat' dir='ltr'><strong>meritis</strong></span> <span class='ocrx_word' id='word_1_78' title='bbox 922 1436 1018 1521; x_wconf 89' lang='lat' dir='ltr'><strong>ipsius</strong></span> <span class='ocrx_word' id='word_1_79' title='bbox 1035 1438 1128 1502; x_wconf 82' lang='lat' dir='ltr'><strong>Beati</strong></span> <span class='ocrx_word' id='word_1_80' title='bbox 1146 1440 1299 1526; x_wconf 87' lang='lat' dir='ltr'><strong>Martyris</strong></span> 
     </span>
     <span class='ocr_line' id='line_1_11' title="bbox 150 1522 1301 1609; baseline -0.002 -16"><span class='ocrx_word' id='word_1_81' title='bbox 150 1543 183 1593; x_wconf 92' lang='lat' dir='ltr'><strong>et</strong></span> <span class='ocrx_word' id='word_1_82' title='bbox 199 1525 395 1592; x_wconf 75' lang='lat' dir='ltr'><strong>obaedientit</strong></span> <span class='ocrx_word' id='word_1_83' title='bbox 409 1525 619 1601; x_wconf 89' lang='lat' dir='ltr'><strong>confidentes,</strong></span> <span class='ocrx_word' id='word_1_84' title='bbox 636 1523 782 1607; x_wconf 84' lang='lat' dir='ltr'><strong>eligimus</strong></span> <span class='ocrx_word' id='word_1_85' title='bbox 806 1522 847 1587; x_wconf 91' lang='lat' dir='ltr'><strong>de</strong></span> <span class='ocrx_word' id='word_1_86' title='bbox 863 1523 1034 1588; x_wconf 90' lang='lat' dir='ltr'><strong>virtutibus</strong></span> <span class='ocrx_word' id='word_1_87' title='bbox 1057 1525 1126 1609; x_wconf 87' lang='lat' dir='ltr'><strong>ejus</strong></span> <span class='ocrx_word' id='word_1_88' title='bbox 1149 1539 1183 1590; x_wconf 88' lang='lat' dir='ltr'><strong>et</strong></span> <span class='ocrx_word' id='word_1_89' title='bbox 1205 1528 1301 1592; x_wconf 92' lang='lat' dir='ltr'><strong>mira-</strong></span> 
     </span>
     <span class='ocr_line' id='line_1_12' title="bbox 150 1609 1301 1699; baseline 0 -20"><span class='ocrx_word' id='word_1_90' title='bbox 150 1614 229 1679; x_wconf 89' lang='lat' dir='ltr'><strong>culis</strong></span> <span class='ocrx_word' id='word_1_91' title='bbox 260 1612 382 1699; x_wconf 87' lang='lat' dir='ltr'><strong>aliquid</strong></span> <span class='ocrx_word' id='word_1_92' title='bbox 412 1610 688 1699; x_wconf 86' lang='lat' dir='ltr'><strong>qualitercumque</strong></span> <span class='ocrx_word' id='word_1_93' title='bbox 722 1632 819 1695; x_wconf 90' lang='lat' dir='ltr'><strong>quam</strong></span> <span class='ocrx_word' id='word_1_94' title='bbox 854 1609 950 1674; x_wconf 86' lang='lat' dir='ltr'><strong>nichil</strong></span> <span class='ocrx_word' id='word_1_95' title='bbox 984 1611 1115 1676; x_wconf 92' lang='lat' dir='ltr'><strong>omnino</strong></span> <span class='ocrx_word' id='word_1_96' title='bbox 1148 1614 1301 1680; x_wconf 89' lang='lat' dir='ltr'><strong>scribere.</strong></span> 
     </span>
     <span class='ocr_line' id='line_1_13' title="bbox 153 1696 1300 1787; baseline 0.001 -21"><span class='ocrx_word' id='word_1_97' title='bbox 153 1701 258 1786; x_wconf 81' lang='lat' dir='ltr'><strong>Igitur</strong></span> <span class='ocrx_word' id='word_1_98' title='bbox 273 1700 423 1787; x_wconf 88' lang='lat' dir='ltr'><strong>quaedam</strong></span> <span class='ocrx_word' id='word_1_99' title='bbox 437 1697 551 1762; x_wconf 90' lang='lat' dir='ltr'><strong>mulier</strong></span> <span class='ocrx_word' id='word_1_100' title='bbox 566 1697 596 1760; x_wconf 93' lang='lat' dir='ltr'><strong>in</strong></span> <span class='ocrx_word' id='word_1_101' title='bbox 614 1696 775 1760; x_wconf 90' lang='lat' dir='ltr'><strong>territorio</strong></span> <span class='ocrx_word' id='word_1_102' title='bbox 792 1697 944 1761; x_wconf 90' lang='lat' dir='ltr'><strong>Dunelmi</strong></span> <span class='ocrx_word' id='word_1_103' title='bbox 963 1697 1099 1762; x_wconf 90' lang='lat' dir='ltr'><strong>civitatis</strong></span> <span class='ocrx_word' id='word_1_104' title='bbox 1114 1701 1245 1785; x_wconf 89' lang='lat' dir='ltr'><strong>degens,</strong></span> <span class='ocrx_word' id='word_1_105' title='bbox 1262 1725 1300 1767; x_wconf 92' lang='lat' dir='ltr'><strong>ac</strong></span> 
     </span>
     <span class='ocr_line' id='line_1_14' title="bbox 150 1783 1299 1873; baseline 0.001 -21"><span class='ocrx_word' id='word_1_106' title='bbox 150 1788 254 1852; x_wconf 91' lang='lat' dir='ltr'><strong>multo</strong></span> <span class='ocrx_word' id='word_1_107' title='bbox 276 1810 320 1851; x_wconf 88' lang='lat' dir='ltr'><strong>ex</strong></span> <span class='ocrx_word' id='word_1_108' title='bbox 344 1799 487 1870; x_wconf 90' lang='lat' dir='ltr'><strong>tempore</strong></span> <span class='ocrx_word' id='word_1_109' title='bbox 510 1783 600 1869; x_wconf 90' lang='lat' dir='ltr'><strong>gravi</strong></span> <span class='ocrx_word' id='word_1_110' title='bbox 622 1806 735 1848; x_wconf 90' lang='lat' dir='ltr'><strong>renum</strong></span> <span class='ocrx_word' id='word_1_111' title='bbox 758 1783 945 1862; x_wconf 90' lang='lat' dir='ltr'><strong>valitudine,</strong></span> <span class='ocrx_word' id='word_1_112' title='bbox 971 1799 1137 1850; x_wconf 88' lang='lat' dir='ltr'><strong>contracto</strong></span> <span class='ocrx_word' id='word_1_113' title='bbox 1164 1811 1299 1873; x_wconf 87' lang='lat' dir='ltr'><strong>corpore</strong></span> 
     </span>
     <span class='ocr_line' id='line_1_15' title="bbox 151 1872 1302 1958; baseline 0.003 -20"><span class='ocrx_word' id='word_1_114' title='bbox 151 1875 303 1939; x_wconf 90' lang='lat' dir='ltr'><strong>inclinata</strong></span> <span class='ocrx_word' id='word_1_115' title='bbox 318 1895 458 1950; x_wconf 77' lang='lat' dir='ltr'><strong>manenS,</strong></span> <span class='ocrx_word' id='word_1_116' title='bbox 476 1872 522 1935; x_wconf 91' lang='lat' dir='ltr'><strong>ita</strong></span> <span class='ocrx_word' id='word_1_117' title='bbox 537 1885 573 1935; x_wconf 91' lang='lat' dir='ltr'><strong>ut</strong></span> <span class='ocrx_word' id='word_1_118' title='bbox 588 1893 790 1958; x_wconf 90' lang='lat' dir='ltr'><strong>nequaquam</strong></span> <span class='ocrx_word' id='word_1_119' title='bbox 806 1884 925 1948; x_wconf 89' lang='lat' dir='ltr'><strong>erecta,</strong></span> <span class='ocrx_word' id='word_1_120' title='bbox 943 1894 1002 1936; x_wconf 89' lang='lat' dir='ltr'><strong>nec</strong></span> <span class='ocrx_word' id='word_1_121' title='bbox 1019 1873 1152 1957; x_wconf 86' lang='lat' dir='ltr'><strong>uspiam,</strong></span> <span class='ocrx_word' id='word_1_122' title='bbox 1169 1875 1229 1938; x_wconf 90' lang='lat' dir='ltr'><strong>nisi</strong></span> <span class='ocrx_word' id='word_1_123' title='bbox 1244 1878 1302 1941; x_wconf 87' lang='lat' dir='ltr'><strong>ba-</strong></span> 
     </span>
     <span class='ocr_line' id='line_1_16' title="bbox 151 1957 1301 2048; baseline 0 -22"><span class='ocrx_word' id='word_1_124' title='bbox 151 1962 230 2027; x_wconf 93' lang='lat' dir='ltr'><strong>culis</strong></span> <span class='ocrx_word' id='word_1_125' title='bbox 245 1961 387 2038; x_wconf 83' lang='lat' dir='ltr'><strong>suffirlta,</strong></span> <span class='ocrx_word' id='word_1_126' title='bbox 400 1959 575 2044; x_wconf 89' lang='lat' dir='ltr'><strong>procedere</strong></span> <span class='ocrx_word' id='word_1_127' title='bbox 590 1970 709 2042; x_wconf 90' lang='lat' dir='ltr'><strong>posset,</strong></span> <span class='ocrx_word' id='word_1_128' title='bbox 723 1959 765 2021; x_wconf 92' lang='lat' dir='ltr'><strong>ad</strong></span> <span class='ocrx_word' id='word_1_129' title='bbox 780 1957 985 2022; x_wconf 81' lang='lat' dir='ltr'><strong>festivitatem</strong></span> <span class='ocrx_word' id='word_1_130' title='bbox 996 1962 1064 2044; x_wconf 88' lang='lat' dir='ltr'><strong>jam</strong></span> <span class='ocrx_word' id='word_1_131' title='bbox 1080 1960 1157 2023; x_wconf 89' lang='lat' dir='ltr'><strong>dicti</strong></span> <span class='ocrx_word' id='word_1_132' title='bbox 1176 1962 1301 2048; x_wconf 86' lang='lat' dir='ltr'><strong>Marty-</strong></span> 
     </span>
     <span class='ocr_line' id='line_1_17' title="bbox 150 2043 1300 2130; baseline 0.001 -17"><span class='ocrx_word' id='word_1_133' title='bbox 150 2048 194 2113; x_wconf 93' lang='lat' dir='ltr'><strong>ris</strong></span> <span class='ocrx_word' id='word_1_134' title='bbox 217 2048 293 2112; x_wconf 89' lang='lat' dir='ltr'><strong>licet</strong></span> <span class='ocrx_word' id='word_1_135' title='bbox 316 2045 520 2110; x_wconf 90' lang='lat' dir='ltr'><strong>incommodo</strong></span> <span class='ocrx_word' id='word_1_136' title='bbox 543 2044 599 2108; x_wconf 89' lang='lat' dir='ltr'><strong>tali</strong></span> <span class='ocrx_word' id='word_1_137' title='bbox 621 2044 767 2128; x_wconf 88' lang='lat' dir='ltr'><strong>praedita,</strong></span> <span class='ocrx_word' id='word_1_138' title='bbox 785 2043 921 2130; x_wconf 84' lang='lat' dir='ltr'><strong>qualiter</strong></span> <span class='ocrx_word' id='word_1_139' title='bbox 945 2059 1052 2108; x_wconf 89' lang='lat' dir='ltr'><strong>tamen</strong></span> <span class='ocrx_word' id='word_1_140' title='bbox 1066 2047 1183 2128; x_wconf 90' lang='lat' dir='ltr'><strong>potuit,</strong></span> <span class='ocrx_word' id='word_1_141' title='bbox 1201 2050 1300 2114; x_wconf 88' lang='lat' dir='ltr'><strong>venit.</strong></span> 
     </span>
     <span class='ocr_line' id='line_1_18' title="bbox 153 2129 1302 2222; baseline 0 -21"><span class='ocrx_word' id='word_1_142' title='bbox 153 2137 303 2222; x_wconf 91' lang='lat' dir='ltr'><strong>Cumque</strong></span> <span class='ocrx_word' id='word_1_143' title='bbox 320 2134 352 2196; x_wconf 92' lang='lat' dir='ltr'><strong>in</strong></span> <span class='ocrx_word' id='word_1_144' title='bbox 368 2133 501 2197; x_wconf 69' lang='lat' dir='ltr'><strong>ecclesia</strong></span> <span class='ocrx_word' id='word_1_145' title='bbox 520 2130 613 2195; x_wconf 89' lang='lat' dir='ltr'><strong>Beati</strong></span> <span class='ocrx_word' id='word_1_146' title='bbox 632 2131 783 2215; x_wconf 90' lang='lat' dir='ltr'><strong>Martyris</strong></span> <span class='ocrx_word' id='word_1_147' title='bbox 806 2129 922 2214; x_wconf 88' lang='lat' dir='ltr'><strong>posita,</strong></span> <span class='ocrx_word' id='word_1_148' title='bbox 939 2154 995 2215; x_wconf 92' lang='lat' dir='ltr'><strong>spe</strong></span> <span class='ocrx_word' id='word_1_149' title='bbox 1011 2132 1203 2216; x_wconf 85' lang='lat' dir='ltr'><strong>recipiendae</strong></span> <span class='ocrx_word' id='word_1_150' title='bbox 1218 2137 1302 2200; x_wconf 89' lang='lat' dir='ltr'><strong>sani·</strong></span> 
     </span>
     <span class='ocr_line' id='line_1_19' title="bbox 152 2217 1301 2304; baseline 0 -16"><span class='ocrx_word' id='word_1_151' title='bbox 152 2222 228 2288; x_wconf 86' lang='lat' dir='ltr'><strong>tatis</strong></span> <span class='ocrx_word' id='word_1_152' title='bbox 244 2220 453 2286; x_wconf 76' lang='lat' dir='ltr'><strong>intentissime</strong></span> <span class='ocrx_word' id='word_1_153' title='bbox 468 2241 541 2283; x_wconf 89' lang='lat' dir='ltr'><strong>eum</strong></span> <span class='ocrx_word' id='word_1_154' title='bbox 556 2217 692 2281; x_wconf 89' lang='lat' dir='ltr'><strong>lacrimis</strong></span> <span class='ocrx_word' id='word_1_155' title='bbox 709 2218 840 2294; x_wconf 69' lang='lat' dir='ltr'><strong>orasset,</strong></span> <span class='ocrx_word' id='word_1_156' title='bbox 858 2217 933 2304; x_wconf 90' lang='lat' dir='ltr'><strong>quia</strong></span> <span class='ocrx_word' id='word_1_157' title='bbox 947 2218 1085 2283; x_wconf 89' lang='lat' dir='ltr'><strong>fideliter</strong></span> <span class='ocrx_word' id='word_1_158' title='bbox 1101 2221 1214 2301; x_wconf 89' lang='lat' dir='ltr'><strong>oravit,</strong></span> <span class='ocrx_word' id='word_1_159' title='bbox 1231 2247 1301 2288; x_wconf 91' lang='lat' dir='ltr'><strong>eam</strong></span> 
     </span>
     <span class='ocr_line' id='line_1_20' title="bbox 152 2305 1299 2390; baseline 0.003 -17"><span class='ocrx_word' id='word_1_160' title='bbox 152 2308 304 2373; x_wconf 92' lang='lat' dir='ltr'><strong>nimirum</strong></span> <span class='ocrx_word' id='word_1_161' title='bbox 327 2306 489 2370; x_wconf 87' lang='lat' dir='ltr'><strong>miseratio</strong></span> <span class='ocrx_word' id='word_1_162' title='bbox 504 2305 613 2369; x_wconf 89' lang='lat' dir='ltr'><strong>divina</strong></span> <span class='ocrx_word' id='word_1_163' title='bbox 628 2305 724 2389; x_wconf 88' lang='lat' dir='ltr'><strong>juxta</strong></span> <span class='ocrx_word' id='word_1_164' title='bbox 745 2305 844 2369; x_wconf 89' lang='lat' dir='ltr'><strong>fidem</strong></span> <span class='ocrx_word' id='word_1_165' title='bbox 866 2327 957 2368; x_wconf 89' lang='lat' dir='ltr'><strong>suam</strong></span> <span class='ocrx_word' id='word_1_166' title='bbox 978 2306 1023 2368; x_wconf 93' lang='lat' dir='ltr'><strong>nil</strong></span> <span class='ocrx_word' id='word_1_167' title='bbox 1037 2319 1149 2371; x_wconf 91' lang='lat' dir='ltr'><strong>votum</strong></span> <span class='ocrx_word' id='word_1_168' title='bbox 1164 2325 1299 2390; x_wconf 89' lang='lat' dir='ltr'><strong>morata,</strong></span> 
     </span>
     <span class='ocr_line' id='line_1_21' title="bbox 153 2392 1261 2479; baseline 0.001 -17"><span class='ocrx_word' id='word_1_169' title='bbox 153 2398 194 2462; x_wconf 86' lang='lat' dir='ltr'><strong>ab</strong></span> <span class='ocrx_word' id='word_1_170' title='bbox 210 2395 297 2461; x_wconf 93' lang='lat' dir='ltr'><strong>omni</strong></span> <span class='ocrx_word' id='word_1_171' title='bbox 313 2393 499 2458; x_wconf 88' lang='lat' dir='ltr'><strong>infirmitate</strong></span> <span class='ocrx_word' id='word_1_172' title='bbox 515 2393 571 2456; x_wconf 70' lang='lat' dir='ltr'><strong>sud</strong></span> <span class='ocrx_word' id='word_1_173' title='bbox 586 2414 642 2476; x_wconf 90' lang='lat' dir='ltr'><strong>per</strong></span> <span class='ocrx_word' id='word_1_174' title='bbox 657 2392 786 2477; x_wconf 85' lang='lat' dir='ltr'><strong>gloriosi</strong></span> <span class='ocrx_word' id='word_1_175' title='bbox 804 2392 957 2479; x_wconf 87' lang='lat' dir='ltr'><strong>Martyris</strong></span> <span class='ocrx_word' id='word_1_176' title='bbox 973 2394 1087 2458; x_wconf 90' lang='lat' dir='ltr'><strong>merita</strong></span> <span class='ocrx_word' id='word_1_177' title='bbox 1102 2395 1261 2463; x_wconf 89' lang='lat' dir='ltr'><strong>liberavit.</strong></span> 
     </span>
    </p>
   </div>
   <div class='ocr_carea' id='block_1_4' title="bbox 155 2658 1305 2829">
    <p class='ocr_par' dir='ltr' id='par_1_4' title="bbox 155 2658 1305 2829">
     <span class='ocr_line' id='line_1_22' title="bbox 155 2658 1305 2740; baseline -0.002 -14"><span class='ocrx_word' id='word_1_178' title='bbox 155 2659 255 2726; x_wconf 79' lang='lat' dir='ltr'><strong>CAP.</strong></span> <span class='ocrx_word' id='word_1_179' title='bbox 272 2659 310 2722; x_wconf 94' lang='lat' dir='ltr'><em>X</em></span> <span class='ocrx_word' id='word_1_180' title='bbox 311 2658 486 2723; x_wconf 82' lang='lat' dir='ltr'><em>VIL-Dc</em></span> <span class='ocrx_word' id='word_1_181' title='bbox 496 2661 622 2722; x_wconf 69' lang='lat' dir='ltr'><strong>maliem</strong></span> <span class='ocrx_word' id='word_1_182' title='bbox 629 2666 794 2738; x_wconf 75' lang='lat' dir='ltr'><strong>oeqrotaate</strong></span> <span class='ocrx_word' id='word_1_183' title='bbox 802 2661 854 2721; x_wconf 85' lang='lat' dir='ltr'><strong>cui</strong></span> <span class='ocrx_word' id='word_1_184' title='bbox 864 2659 994 2722; x_wconf 78' lang='lat' dir='ltr'><strong>Sanetus</strong></span> <span class='ocrx_word' id='word_1_185' title='bbox 1005 2659 1135 2740; x_wconf 78' lang='lat' dir='ltr'><strong>Martyr</strong></span> <span class='ocrx_word' id='word_1_186' title='bbox 1146 2665 1179 2723; x_wconf 82' lang='lat' dir='ltr'><strong>ia</strong></span> <span class='ocrx_word' id='word_1_187' title='bbox 1189 2666 1305 2724; x_wconf 82' lang='lat' dir='ltr'><strong>somnis</strong></span> 
     </span>
     <span class='ocr_line' id='line_1_23' title="bbox 250 2746 1205 2829; baseline -0.001 -19"><span class='ocrx_word' id='word_1_188' title='bbox 250 2749 422 2829; x_wconf 82' lang='lat' dir='ltr'><strong>apparuit:</strong></span> <span class='ocrx_word' id='word_1_189' title='bbox 446 2747 680 2828; x_wconf 73' lang='lat' dir='ltr'><strong>qualiterjarta</strong></span> <span class='ocrx_word' id='word_1_190' title='bbox 694 2747 816 2808; x_wconf 82' lang='lat' dir='ltr'><strong>verbam</strong></span> <span class='ocrx_word' id='word_1_191' title='bbox 830 2746 895 2825; x_wconf 71' lang='lat' dir='ltr'><strong>‹ey&#39;ua</strong></span> <span class='ocrx_word' id='word_1_192' title='bbox 909 2747 1005 2808; x_wconf 83' lang='lat' dir='ltr'><strong>saluti</strong></span> <span class='ocrx_word' id='word_1_193' title='bbox 1019 2747 1061 2806; x_wconf 82' lang='lat' dir='ltr'><strong>sit</strong></span> <span class='ocrx_word' id='word_1_194' title='bbox 1073 2749 1205 2809; x_wconf 85' lang='lat' dir='ltr'><strong>reddita.</strong></span> 
     </span>
    </p>
   </div>
   <div class='ocr_carea' id='block_1_5' title="bbox 129 2915 1308 4488">
    <p class='ocr_par' dir='ltr' id='par_1_5' title="bbox 129 2915 1308 4488">
     <span class='ocr_line' id='line_1_24' title="bbox 203 2915 1302 3006; baseline -0.001 -21"><span class='ocrx_word' id='word_1_195' title='bbox 203 2920 271 2985; x_wconf 87' lang='lat' dir='ltr'><strong>Sed</strong></span> <span class='ocrx_word' id='word_1_196' title='bbox 293 2942 397 3006; x_wconf 92' lang='lat' dir='ltr'><strong>neque</strong></span> <span class='ocrx_word' id='word_1_197' title='bbox 412 2918 474 2982; x_wconf 90' lang='lat' dir='ltr'><strong>hoc</strong></span> <span class='ocrx_word' id='word_1_198' title='bbox 490 2917 617 2981; x_wconf 88' lang='lat' dir='ltr'><strong>silentio</strong></span> <span class='ocrx_word' id='word_1_199' title='bbox 633 2917 684 2980; x_wconf 89' lang='lat' dir='ltr'><strong>vel</strong></span> <span class='ocrx_word' id='word_1_200' title='bbox 703 2915 856 2979; x_wconf 89' lang='lat' dir='ltr'><strong>oblivioni</strong></span> <span class='ocrx_word' id='word_1_201' title='bbox 880 2915 1073 2980; x_wconf 89' lang='lat' dir='ltr'><strong>tradendum</strong></span> <span class='ocrx_word' id='word_1_202' title='bbox 1088 2930 1148 2996; x_wconf 90' lang='lat' dir='ltr'><strong>est,</strong></span> <span class='ocrx_word' id='word_1_203' title='bbox 1166 2919 1252 3006; x_wconf 93' lang='lat' dir='ltr'><strong>quod</strong></span> <span class='ocrx_word' id='word_1_204' title='bbox 1268 2920 1302 2984; x_wconf 94' lang='lat' dir='ltr'><strong>in</strong></span> 
     </span>
     <span class='ocr_line' id='line_1_25' title="bbox 157 3001 1303 3088; baseline -0.001 -16"><span class='ocrx_word' id='word_1_205' title='bbox 157 3007 270 3073; x_wconf 67' lang='lat' dir='ltr'><strong>eadem</strong></span> <span class='ocrx_word' id='word_1_206' title='bbox 297 3006 406 3071; x_wconf 86' lang='lat' dir='ltr'><strong>Sancti</strong></span> <span class='ocrx_word' id='word_1_207' title='bbox 433 3005 533 3088; x_wconf 86' lang='lat' dir='ltr'><strong>Regis</strong></span> <span class='ocrx_word' id='word_1_208' title='bbox 558 3017 592 3068; x_wconf 91' lang='lat' dir='ltr'><strong>et</strong></span> <span class='ocrx_word' id='word_1_209' title='bbox 624 3003 776 3087; x_wconf 87' lang='lat' dir='ltr'><strong>Martyris</strong></span> <span class='ocrx_word' id='word_1_210' title='bbox 807 3001 927 3067; x_wconf 87' lang='lat' dir='ltr'><strong>Oswini</strong></span> <span class='ocrx_word' id='word_1_211' title='bbox 956 3003 1130 3083; x_wconf 89' lang='lat' dir='ltr'><strong>mansione,</strong></span> <span class='ocrx_word' id='word_1_212' title='bbox 1161 3006 1223 3070; x_wconf 88' lang='lat' dir='ltr'><strong>hoe</strong></span> <span class='ocrx_word' id='word_1_213' title='bbox 1253 3021 1303 3071; x_wconf 89' lang='lat' dir='ltr'><strong>est</strong></span> 
     </span>
     <span class='ocr_line' id='line_1_26' title="bbox 160 3090 1303 3181; baseline 0 -22"><span class='ocrx_word' id='word_1_214' title='bbox 160 3093 400 3181; x_wconf 67' lang='lat' dir='ltr'><strong>Tynemudtha,</strong></span> <span class='ocrx_word' id='word_1_215' title='bbox 416 3092 478 3156; x_wconf 88' lang='lat' dir='ltr'><strong>alia</strong></span> <span class='ocrx_word' id='word_1_216' title='bbox 487 3092 636 3178; x_wconf 86' lang='lat' dir='ltr'><strong>quaedam</strong></span> <span class='ocrx_word' id='word_1_217' title='bbox 650 3090 826 3154; x_wconf 90' lang='lat' dir='ltr'><strong>innocentis</strong></span> <span class='ocrx_word' id='word_1_218' title='bbox 842 3091 917 3153; x_wconf 89' lang='lat' dir='ltr'><strong>vitae</strong></span> <span class='ocrx_word' id='word_1_219' title='bbox 932 3102 1078 3155; x_wconf 88' lang='lat' dir='ltr'><strong>matrona</strong></span> <span class='ocrx_word' id='word_1_220' title='bbox 1093 3092 1125 3155; x_wconf 93' lang='lat' dir='ltr'><strong>in</strong></span> <span class='ocrx_word' id='word_1_221' title='bbox 1141 3094 1303 3159; x_wconf 88' lang='lat' dir='ltr'><strong>viduitatis</strong></span> 
     </span>
     <span class='ocr_line' id='line_1_27' title="bbox 157 3177 1305 3267; baseline 0 -22"><span class='ocrx_word' id='word_1_222' title='bbox 157 3181 324 3267; x_wconf 89' lang='lat' dir='ltr'><strong>proposito</strong></span> <span class='ocrx_word' id='word_1_223' title='bbox 336 3179 355 3242; x_wconf 69' lang='lat' dir='ltr'><strong>a</strong></span> <span class='ocrx_word' id='word_1_224' title='bbox 366 3180 480 3244; x_wconf 89' lang='lat' dir='ltr'><strong>diebus</strong></span> <span class='ocrx_word' id='word_1_225' title='bbox 491 3178 598 3243; x_wconf 92' lang='lat' dir='ltr'><strong>multis</strong></span> <span class='ocrx_word' id='word_1_226' title='bbox 614 3177 815 3243; x_wconf 89' lang='lat' dir='ltr'><strong>laudabiliter</strong></span> <span class='ocrx_word' id='word_1_227' title='bbox 826 3177 945 3255; x_wconf 86' lang='lat' dir='ltr'><strong>vivens,</strong></span> <span class='ocrx_word' id='word_1_228' title='bbox 958 3178 1178 3263; x_wconf 88' lang='lat' dir='ltr'><strong>hujuscemodi</strong></span> <span class='ocrx_word' id='word_1_229' title='bbox 1189 3182 1305 3266; x_wconf 90' lang='lat' dir='ltr'><strong>jocun-</strong></span> 
     </span>
     <span class='ocr_line' id='line_1_28' title="bbox 159 3264 1304 3355; baseline 0.001 -22"><span class='ocrx_word' id='word_1_230' title='bbox 159 3269 201 3333; x_wconf 66' lang='lat' dir='ltr'><strong>da</strong></span> <span class='ocrx_word' id='word_1_231' title='bbox 215 3269 337 3333; x_wconf 87' lang='lat' dir='ltr'><strong>visione</strong></span> <span class='ocrx_word' id='word_1_232' title='bbox 356 3266 520 3331; x_wconf 86' lang='lat' dir='ltr'><strong>laetificare</strong></span> <span class='ocrx_word' id='word_1_233' title='bbox 535 3264 721 3351; x_wconf 89' lang='lat' dir='ltr'><strong>promeruit.</strong></span> <span class='ocrx_word' id='word_1_234' title='bbox 770 3266 854 3330; x_wconf 91' lang='lat' dir='ltr'><strong>Cum</strong></span> <span class='ocrx_word' id='word_1_235' title='bbox 873 3264 957 3328; x_wconf 92' lang='lat' dir='ltr'><strong>enim</strong></span> <span class='ocrx_word' id='word_1_236' title='bbox 977 3265 1029 3331; x_wconf 92' lang='lat' dir='ltr'><strong>die</strong></span> <span class='ocrx_word' id='word_1_237' title='bbox 1048 3269 1196 3354; x_wconf 71' lang='lat' dir='ltr'><strong>quadam,</strong></span> <span class='ocrx_word' id='word_1_238' title='bbox 1214 3271 1304 3355; x_wconf 89' lang='lat' dir='ltr'><strong>gravi</strong></span> 
     </span>
     <span class='ocr_line' id='line_1_29' title="bbox 159 3352 1305 3440; baseline 0.003 -20"><span class='ocrx_word' id='word_1_239' title='bbox 159 3369 248 3420; x_wconf 90' lang='lat' dir='ltr'><strong>tacta</strong></span> <span class='ocrx_word' id='word_1_240' title='bbox 267 3354 481 3432; x_wconf 89' lang='lat' dir='ltr'><strong>incommodo,</strong></span> <span class='ocrx_word' id='word_1_241' title='bbox 499 3353 706 3419; x_wconf 89' lang='lat' dir='ltr'><strong>vehementer</strong></span> <span class='ocrx_word' id='word_1_242' title='bbox 721 3352 874 3416; x_wconf 88' lang='lat' dir='ltr'><strong>infirmari</strong></span> <span class='ocrx_word' id='word_1_243' title='bbox 890 3352 1047 3437; x_wconf 90' lang='lat' dir='ltr'><strong>coepisset,</strong></span> <span class='ocrx_word' id='word_1_244' title='bbox 1065 3355 1199 3440; x_wconf 91' lang='lat' dir='ltr'><strong>simplici</strong></span> <span class='ocrx_word' id='word_1_245' title='bbox 1214 3358 1305 3423; x_wconf 85' lang='lat' dir='ltr'><strong>femi-</strong></span> 
     </span>
     <span class='ocr_line' id='line_1_30' title="bbox 160 3439 1306 3529; baseline 0.003 -22"><span class='ocrx_word' id='word_1_246' title='bbox 160 3465 286 3529; x_wconf 91' lang='lat' dir='ltr'><strong>neoque</strong></span> <span class='ocrx_word' id='word_1_247' title='bbox 310 3443 407 3505; x_wconf 89' lang='lat' dir='ltr'><strong>ducta</strong></span> <span class='ocrx_word' id='word_1_248' title='bbox 429 3440 561 3504; x_wconf 90' lang='lat' dir='ltr'><strong>consilio</strong></span> <span class='ocrx_word' id='word_1_249' title='bbox 585 3441 700 3504; x_wconf 89' lang='lat' dir='ltr'><strong>trinam</strong></span> <span class='ocrx_word' id='word_1_250' title='bbox 715 3439 805 3504; x_wconf 85' lang='lat' dir='ltr'><strong>dedit</strong></span> <span class='ocrx_word' id='word_1_251' title='bbox 824 3452 954 3516; x_wconf 85' lang='lat' dir='ltr'><strong>sortem,</strong></span> <span class='ocrx_word' id='word_1_252' title='bbox 972 3440 1100 3505; x_wconf 89' lang='lat' dir='ltr'><strong>ubinam</strong></span> <span class='ocrx_word' id='word_1_253' title='bbox 1123 3443 1156 3506; x_wconf 93' lang='lat' dir='ltr'><strong>in</strong></span> <span class='ocrx_word' id='word_1_254' title='bbox 1172 3446 1306 3511; x_wconf 67' lang='lat' dir='ltr'><strong>ecclesia</strong></span> 
     </span>
     <span class='ocr_line' id='line_1_31' title="bbox 164 3527 1307 3616; baseline 0.004 -22"><span class='ocrx_word' id='word_1_255' title='bbox 164 3531 291 3594; x_wconf 88' lang='lat' dir='ltr'><strong>Sanctae</strong></span> <span class='ocrx_word' id='word_1_256' title='bbox 317 3528 381 3592; x_wconf 90' lang='lat' dir='ltr'><strong>Dei</strong></span> <span class='ocrx_word' id='word_1_257' title='bbox 406 3528 576 3614; x_wconf 82' lang='lat' dir='ltr'><strong>genetricis</strong></span> <span class='ocrx_word' id='word_1_258' title='bbox 603 3527 718 3592; x_wconf 87' lang='lat' dir='ltr'><strong>Mariae</strong></span> <span class='ocrx_word' id='word_1_259' title='bbox 743 3538 956 3611; x_wconf 90' lang='lat' dir='ltr'><strong>pernoctaret,</strong></span> <span class='ocrx_word' id='word_1_260' title='bbox 982 3550 1047 3614; x_wconf 93' lang='lat' dir='ltr'><strong>quo</strong></span> <span class='ocrx_word' id='word_1_261' title='bbox 1070 3531 1111 3593; x_wconf 88' lang='lat' dir='ltr'><strong>ab</strong></span> <span class='ocrx_word' id='word_1_262' title='bbox 1137 3530 1307 3616; x_wconf 86' lang='lat' dir='ltr'><strong>ingruente</strong></span> 
     </span>
     <span class='ocr_line' id='line_1_32' title="bbox 160 3613 1305 3699; baseline 0.004 -18"><span class='ocrx_word' id='word_1_263' title='bbox 160 3616 253 3682; x_wconf 76' lang='lat' dir='ltr'><strong>citius</strong></span> <span class='ocrx_word' id='word_1_264' title='bbox 275 3616 468 3681; x_wconf 87' lang='lat' dir='ltr'><strong>liberaretur</strong></span> <span class='ocrx_word' id='word_1_265' title='bbox 489 3614 691 3698; x_wconf 85' lang='lat' dir='ltr'><strong>aegritudine.</strong></span> <span class='ocrx_word' id='word_1_266' title='bbox 739 3614 857 3678; x_wconf 88' lang='lat' dir='ltr'><strong>Evenit</strong></span> <span class='ocrx_word' id='word_1_267' title='bbox 879 3613 988 3698; x_wconf 91' lang='lat' dir='ltr'><strong>itaque</strong></span> <span class='ocrx_word' id='word_1_268' title='bbox 1011 3618 1104 3679; x_wconf 91' lang='lat' dir='ltr'><strong>sortis</strong></span> <span class='ocrx_word' id='word_1_269' title='bbox 1128 3618 1251 3699; x_wconf 84' lang='lat' dir='ltr'><strong>inditio,</strong></span> <span class='ocrx_word' id='word_1_270' title='bbox 1268 3634 1305 3685; x_wconf 92' lang='lat' dir='ltr'><strong>ut</strong></span> 
     </span>
     <span class='ocr_line' id='line_1_33' title="bbox 160 3700 1306 3787; baseline 0.003 -18"><span class='ocrx_word' id='word_1_271' title='bbox 160 3704 202 3770; x_wconf 85' lang='lat' dir='ltr'><strong>ad</strong></span> <span class='ocrx_word' id='word_1_272' title='bbox 216 3702 378 3768; x_wconf 82' lang='lat' dir='ltr'><strong>basilicam</strong></span> <span class='ocrx_word' id='word_1_273' title='bbox 394 3703 538 3787; x_wconf 85' lang='lat' dir='ltr'><strong>ejusdem</strong></span> <span class='ocrx_word' id='word_1_274' title='bbox 555 3701 639 3765; x_wconf 88' lang='lat' dir='ltr'><strong>villae</strong></span> <span class='ocrx_word' id='word_1_275' title='bbox 651 3700 821 3785; x_wconf 87' lang='lat' dir='ltr'><strong>vigilatura</strong></span> <span class='ocrx_word' id='word_1_276' title='bbox 832 3700 992 3764; x_wconf 86' lang='lat' dir='ltr'><strong>divertere</strong></span> <span class='ocrx_word' id='word_1_277' title='bbox 1008 3702 1150 3770; x_wconf 90' lang='lat' dir='ltr'><strong>deberet.</strong></span> <span class='ocrx_word' id='word_1_278' title='bbox 1197 3707 1306 3772; x_wconf 90' lang='lat' dir='ltr'><strong>Nocte</strong></span> 
     </span>
     <span class='ocr_line' id='line_1_34' title="bbox 162 3787 1307 3877; baseline 0.003 -22"><span class='ocrx_word' id='word_1_279' title='bbox 162 3790 238 3856; x_wconf 79' lang='lat' dir='ltr'><strong>verb</strong></span> <span class='ocrx_word' id='word_1_280' title='bbox 264 3791 412 3877; x_wconf 91' lang='lat' dir='ltr'><strong>sequenti</strong></span> <span class='ocrx_word' id='word_1_281' title='bbox 438 3790 480 3852; x_wconf 93' lang='lat' dir='ltr'><strong>ob</strong></span> <span class='ocrx_word' id='word_1_282' title='bbox 505 3787 686 3851; x_wconf 89' lang='lat' dir='ltr'><strong>valitudinis</strong></span> <span class='ocrx_word' id='word_1_283' title='bbox 714 3787 891 3851; x_wconf 88' lang='lat' dir='ltr'><strong>molestiam</strong></span> <span class='ocrx_word' id='word_1_284' title='bbox 915 3787 1002 3851; x_wconf 91' lang='lat' dir='ltr'><strong>domi</strong></span> <span class='ocrx_word' id='word_1_285' title='bbox 1027 3813 1205 3872; x_wconf 63' lang='lat' dir='ltr'><strong>remanens</strong></span> <span class='ocrx_word' id='word_1_286' title='bbox 1234 3818 1307 3859; x_wconf 90' lang='lat' dir='ltr'><strong>eum</strong></span> 
     </span>
     <span class='ocr_line' id='line_1_35' title="bbox 160 3873 1306 3961; baseline 0.003 -18"><span class='ocrx_word' id='word_1_287' title='bbox 160 3879 294 3943; x_wconf 91' lang='lat' dir='ltr'><strong>menbra</strong></span> <span class='ocrx_word' id='word_1_288' title='bbox 317 3900 374 3941; x_wconf 89' lang='lat' dir='ltr'><strong>sua</strong></span> <span class='ocrx_word' id='word_1_289' title='bbox 399 3875 506 3961; x_wconf 89' lang='lat' dir='ltr'><strong>sopori</strong></span> <span class='ocrx_word' id='word_1_290' title='bbox 530 3875 681 3953; x_wconf 89' lang='lat' dir='ltr'><strong>dedisset,</strong></span> <span class='ocrx_word' id='word_1_291' title='bbox 707 3873 853 3959; x_wconf 89' lang='lat' dir='ltr'><strong>apparuit</strong></span> <span class='ocrx_word' id='word_1_292' title='bbox 880 3874 909 3939; x_wconf 90' lang='lat' dir='ltr'><strong>ei</strong></span> <span class='ocrx_word' id='word_1_293' title='bbox 940 3876 1145 3943; x_wconf 87' lang='lat' dir='ltr'><strong>Beatissimus</strong></span> <span class='ocrx_word' id='word_1_294' title='bbox 1175 3881 1247 3946; x_wconf 87' lang='lat' dir='ltr'><strong>Rex</strong></span> <span class='ocrx_word' id='word_1_295' title='bbox 1274 3894 1306 3946; x_wconf 90' lang='lat' dir='ltr'><strong>et</strong></span> 
     </span>
     <span class='ocr_line' id='line_1_36' title="bbox 163 3961 1307 4052; baseline 0.001 -22"><span class='ocrx_word' id='word_1_296' title='bbox 163 3965 291 4052; x_wconf 85' lang='lat' dir='ltr'><strong>Martyr</strong></span> <span class='ocrx_word' id='word_1_297' title='bbox 314 3962 480 4038; x_wconf 84' lang='lat' dir='ltr'><strong>Oswinus3</strong></span> <span class='ocrx_word' id='word_1_298' title='bbox 503 3963 605 4041; x_wconf 90' lang='lat' dir='ltr'><strong>vultu,</strong></span> <span class='ocrx_word' id='word_1_299' title='bbox 622 3985 711 4040; x_wconf 90' lang='lat' dir='ltr'><strong>voce,</strong></span> <span class='ocrx_word' id='word_1_300' title='bbox 729 3975 763 4025; x_wconf 94' lang='lat' dir='ltr'><strong>et</strong></span> <span class='ocrx_word' id='word_1_301' title='bbox 781 3961 905 4040; x_wconf 89' lang='lat' dir='ltr'><strong>habitu,</strong></span> <span class='ocrx_word' id='word_1_302' title='bbox 922 3962 1110 4030; x_wconf 86' lang='lat' dir='ltr'><strong>mirabiliter</strong></span> <span class='ocrx_word' id='word_1_303' title='bbox 1127 3969 1307 4051; x_wconf 82' lang='lat' dir='ltr'><strong>gratiosus3</strong></span> 
     </span>
     <span class='ocr_line' id='line_1_37' title="bbox 129 4048 1308 4141; baseline 0.001 -24"><span class='ocrx_word' id='word_1_304' title='bbox 129 4092 134 4101; x_wconf 55' lang='grc' dir='ltr'><em>ι</em></span> <span class='ocrx_word' id='word_1_305' title='bbox 161 4052 233 4117; x_wconf 83' lang='lat' dir='ltr'><strong>baec</strong></span> <span class='ocrx_word' id='word_1_306' title='bbox 255 4051 378 4116; x_wconf 88' lang='lat' dir='ltr'><strong>dicens.</strong></span> <span class='ocrx_word' id='word_1_307' title='bbox 425 4051 544 4114; x_wconf 87' lang='lat' dir='ltr'><strong>“Cur&#39;&#39;</strong></span> <span class='ocrx_word' id='word_1_308' title='bbox 568 4049 670 4135; x_wconf 92' lang='lat' dir='ltr'><strong>inquit</strong></span> <span class='ocrx_word' id='word_1_309' title='bbox 695 4048 814 4126; x_wconf 87' lang='lat' dir='ltr'><strong>“alias,</strong></span> <span class='ocrx_word' id='word_1_310' title='bbox 839 4048 864 4112; x_wconf 91' lang='lat' dir='ltr'><strong>si</strong></span> <span class='ocrx_word' id='word_1_311' title='bbox 887 4072 954 4113; x_wconf 91' lang='lat' dir='ltr'><strong>sors</strong></span> <span class='ocrx_word' id='word_1_312' title='bbox 977 4051 1023 4116; x_wconf 87' lang='lat' dir='ltr'><strong>ita</strong></span> <span class='ocrx_word' id='word_1_313' title='bbox 1046 4054 1186 4131; x_wconf 89' lang='lat' dir='ltr'><strong>caderet,</strong></span> <span class='ocrx_word' id='word_1_314' title='bbox 1211 4077 1308 4141; x_wconf 86' lang='lat' dir='ltr'><strong>quarn</strong></span> 
     </span>
     <span class='ocr_line' id='line_1_38' title="bbox 162 4135 1306 4226; baseline 0.002 -21"><span class='ocrx_word' id='word_1_315' title='bbox 162 4140 205 4206; x_wconf 88' lang='lat' dir='ltr'><strong>ad</strong></span> <span class='ocrx_word' id='word_1_316' title='bbox 228 4138 433 4226; x_wconf 82' lang='lat' dir='ltr'><strong>sepulchrum</strong></span> <span class='ocrx_word' id='word_1_317' title='bbox 452 4160 560 4200; x_wconf 90' lang='lat' dir='ltr'><strong>meum</strong></span> <span class='ocrx_word' id='word_1_318' title='bbox 583 4135 770 4220; x_wconf 88' lang='lat' dir='ltr'><strong>sospitatem</strong></span> <span class='ocrx_word' id='word_1_319' title='bbox 789 4158 934 4222; x_wconf 89' lang='lat' dir='ltr'><strong>quaerere</strong></span> <span class='ocrx_word' id='word_1_320' title='bbox 958 4138 1133 4223; x_wconf 84' lang='lat' dir='ltr'><strong>delegeras,</strong></span> <span class='ocrx_word' id='word_1_321' title='bbox 1151 4163 1223 4225; x_wconf 87' lang='lat' dir='ltr'><strong>quae</strong></span> <span class='ocrx_word' id='word_1_322' title='bbox 1247 4163 1306 4207; x_wconf 91' lang='lat' dir='ltr'><strong>nec</strong></span> 
     </span>
     <span class='ocr_line' id='line_1_39' title="bbox 161 4223 1308 4313; baseline 0.002 -22"><span class='ocrx_word' id='word_1_323' title='bbox 161 4248 291 4313; x_wconf 90' lang='lat' dir='ltr'><strong>prorsus</strong></span> <span class='ocrx_word' id='word_1_324' title='bbox 318 4224 394 4288; x_wconf 90' lang='lat' dir='ltr'><strong>inde</strong></span> <span class='ocrx_word' id='word_1_325' title='bbox 417 4239 519 4288; x_wconf 90' lang='lat' dir='ltr'><strong>sortes</strong></span> <span class='ocrx_word' id='word_1_326' title='bbox 543 4223 666 4301; x_wconf 88' lang='lat' dir='ltr'><strong>fecisse,</strong></span> <span class='ocrx_word' id='word_1_327' title='bbox 691 4246 751 4288; x_wconf 90' lang='lat' dir='ltr'><strong>nec</strong></span> <span class='ocrx_word' id='word_1_328' title='bbox 774 4223 815 4288; x_wconf 90' lang='lat' dir='ltr'><strong>de</strong></span> <span class='ocrx_word' id='word_1_329' title='bbox 843 4224 907 4287; x_wconf 89' lang='lat' dir='ltr'><strong>alio</strong></span> <span class='ocrx_word' id='word_1_330' title='bbox 930 4225 1003 4288; x_wconf 93' lang='lat' dir='ltr'><strong>loco</strong></span> <span class='ocrx_word' id='word_1_331' title='bbox 1024 4226 1137 4288; x_wconf 91' lang='lat' dir='ltr'><strong>melius</strong></span> <span class='ocrx_word' id='word_1_332' title='bbox 1164 4249 1308 4311; x_wconf 84' lang='lat' dir='ltr'><strong>sperasse</strong></span> 
     </span>
     <span class='ocr_line' id='line_1_40' title="bbox 162 4310 1308 4403; baseline 0.003 -25"><span class='ocrx_word' id='word_1_333' title='bbox 162 4313 348 4378; x_wconf 80' lang='lat' dir='ltr'><strong>debueras?</strong></span> <span class='ocrx_word' id='word_1_334' title='bbox 396 4311 459 4375; x_wconf 91' lang='lat' dir='ltr'><strong>Hic</strong></span> <span class='ocrx_word' id='word_1_335' title='bbox 482 4311 639 4397; x_wconf 91' lang='lat' dir='ltr'><strong>siquidem</strong></span> <span class='ocrx_word' id='word_1_336' title='bbox 660 4310 809 4398; x_wconf 86' lang='lat' dir='ltr'><strong>gloriosae</strong></span> <span class='ocrx_word' id='word_1_337' title='bbox 833 4311 898 4375; x_wconf 91' lang='lat' dir='ltr'><strong>Dei</strong></span> <span class='ocrx_word' id='word_1_338' title='bbox 919 4311 1081 4396; x_wconf 88' lang='lat' dir='ltr'><strong>genitricis</strong></span> <span class='ocrx_word' id='word_1_339' title='bbox 1105 4313 1204 4378; x_wconf 88' lang='lat' dir='ltr'><strong>altare</strong></span> <span class='ocrx_word' id='word_1_340' title='bbox 1220 4318 1308 4403; x_wconf 92' lang='lat' dir='ltr'><strong>quod</strong></span> 
     </span>
     <span class='ocr_line' id='line_1_41' title="bbox 162 4397 1307 4488; baseline 0.003 -22"><span class='ocrx_word' id='word_1_341' title='bbox 162 4400 238 4466; x_wconf 90' lang='lat' dir='ltr'><strong>alibi</strong></span> <span class='ocrx_word' id='word_1_342' title='bbox 260 4420 406 4488; x_wconf 86' lang='lat' dir='ltr'><strong>quaerere</strong></span> <span class='ocrx_word' id='word_1_343' title='bbox 429 4397 639 4482; x_wconf 87' lang='lat' dir='ltr'><strong>disposueras,</strong></span> <span class='ocrx_word' id='word_1_344' title='bbox 663 4412 697 4464; x_wconf 91' lang='lat' dir='ltr'><strong>et</strong></span> <span class='ocrx_word' id='word_1_345' title='bbox 720 4397 861 4482; x_wconf 90' lang='lat' dir='ltr'><strong>corporis</strong></span> <span class='ocrx_word' id='word_1_346' title='bbox 884 4397 947 4462; x_wconf 92' lang='lat' dir='ltr'><strong>mei</strong></span> <span class='ocrx_word' id='word_1_347' title='bbox 970 4398 1174 4481; x_wconf 85' lang='lat' dir='ltr'><strong>praesentiam</strong></span> <span class='ocrx_word' id='word_1_348' title='bbox 1196 4402 1307 4470; x_wconf 87' lang='lat' dir='ltr'><strong>habes.</strong></span> 
     </span>
    </p>
   </div>
   <div class='ocr_carea' id='block_1_6' title="bbox 0 0 1469 5018">
    <p class='ocr_par' dir='ltr' id='par_1_6' title="bbox 0 0 1469 5018">
     <span class='ocr_line' id='line_1_42' title="bbox 0 0 1469 5018; baseline 0 0"><span class='ocrx_word' id='word_1_349' title='bbox 0 0 1469 5018; x_wconf 95' lang='lat' dir='ltr'><strong> </strong></span> 
     </span>
    </p>
   </div>
  </div>
 </body>
</html>
