<?xml version="1.0" encoding="UTF-8"?>
<!DOCTYPE html PUBLIC "-//W3C//DTD XHTML 1.0 Transitional//EN"
    "http://www.w3.org/TR/xhtml1/DTD/xhtml1-transitional.dtd">
<html xmlns="http://www.w3.org/1999/xhtml" xml:lang="en" lang="en">
 <head>
  <title>
</title>
<meta http-equiv="Content-Type" content="text/html;charset=utf-8" />
  <meta name='ocr-system' content='tesseract 3.04.00' />
  <meta name='ocr-capabilities' content='ocr_page ocr_carea ocr_par ocr_line ocrx_word'/>
</head>
<body>
  <div class='ocr_page' id='page_1' title='image "./miscellaneabiog00raingoog_0027.png"; bbox 0 0 2888 5018; ppageno 0'>
   <div class='ocr_carea' id='block_1_1' title="bbox 205 301 909 375">
    <p class='ocr_par' dir='ltr' id='par_1_1' title="bbox 205 301 909 375">
     <span class='ocr_line' id='line_1_1' title="bbox 205 301 909 375; baseline -0.009 0"><span class='ocrx_word' id='word_1_1' title='bbox 205 301 229 375; x_wconf 86' lang='lat'><strong>6</strong></span> <span class='ocrx_word' id='word_1_2' title='bbox 649 322 742 370; x_wconf 73' lang='lat' dir='ltr'>vrrs</span> <span class='ocrx_word' id='word_1_3' title='bbox 771 322 909 370; x_wconf 82' lang='lat' dir='ltr'>oswmr</span> 
     </span>
    </p>
   </div>
   <div class='ocr_carea' id='block_1_2' title="bbox 165 481 1363 2750">
    <p class='ocr_par' dir='ltr' id='par_1_2' title="bbox 165 481 1363 2750">
     <span class='ocr_line' id='line_1_2' title="bbox 205 481 1363 586; baseline 0.001 -38"><span class='ocrx_word' id='word_1_4' title='bbox 205 486 387 586; x_wconf 84' lang='lat' dir='ltr'>postulante</span> <span class='ocrx_word' id='word_1_5' title='bbox 403 485 585 568; x_wconf 82' lang='lat' dir='ltr'>episcopor</span> <span class='ocrx_word' id='word_1_6' title='bbox 567 482 667 545; x_wconf 68' lang='lat' dir='ltr'>leutitia</span> <span class='ocrx_word' id='word_1_7' title='bbox 660 505 709 546; x_wconf 78' lang='lat' dir='ltr'>am</span> <span class='ocrx_word' id='word_1_8' title='bbox 727 484 908 568; x_wconf 78' lang='lat' dir='ltr'>recepisset,</span> <span class='ocrx_word' id='word_1_9' title='bbox 927 482 1024 567; x_wconf 82' lang='lat' dir='ltr'>coepit</span> <span class='ocrx_word' id='word_1_10' title='bbox 1037 481 1052 544; x_wconf 82' lang='grc' dir='ltr'>ὲ</span> <span class='ocrx_word' id='word_1_11' title='bbox 1063 496 1174 547; x_wconf 89' lang='lat' dir='ltr'>contra</span> <span class='ocrx_word' id='word_1_12' title='bbox 1185 485 1363 570; x_wconf 85' lang='lat' dir='ltr'>episcopus</span> 
     </span>
     <span class='ocr_line' id='line_1_3' title="bbox 206 570 1362 656; baseline 0.001 -20"><span class='ocrx_word' id='word_1_13' title='bbox 206 572 304 637; x_wconf 88' lang='lat' dir='ltr'>tristis</span> <span class='ocrx_word' id='word_1_14' title='bbox 329 593 428 656; x_wconf 85' lang='lat' dir='ltr'>usque</span> <span class='ocrx_word' id='word_1_15' title='bbox 456 570 498 634; x_wconf 88' lang='lat' dir='ltr'>ad</span> <span class='ocrx_word' id='word_1_16' title='bbox 524 570 726 633; x_wconf 90' lang='lat' dir='ltr'>lacrimarum</span> <span class='ocrx_word' id='word_1_17' title='bbox 750 570 967 655; x_wconf 79' lang='lat' dir='ltr'>profusionem</span> <span class='ocrx_word' id='word_1_18' title='bbox 995 570 1088 634; x_wconf 82' lang='lat' dir='ltr'>ellici.</span> <span class='ocrx_word' id='word_1_19' title='bbox 1149 570 1255 645; x_wconf 86' lang='lat' dir='ltr'>Quem</span> <span class='ocrx_word' id='word_1_20' title='bbox 1282 597 1362 637; x_wconf 90' lang='lat' dir='ltr'>cum</span> 
     </span>
     <span class='ocr_line' id='line_1_4' title="bbox 206 657 1363 760; baseline 0.001 -38"><span class='ocrx_word' id='word_1_21' title='bbox 206 659 364 744; x_wconf 82' lang='lat' dir='ltr'>presbiter</span> <span class='ocrx_word' id='word_1_22' title='bbox 378 681 452 721; x_wconf 89' lang='lat' dir='ltr'>suus</span> <span class='ocrx_word' id='word_1_23' title='bbox 468 657 575 739; x_wconf 86' lang='lat' dir='ltr'>lingua</span> <span class='ocrx_word' id='word_1_24' title='bbox 590 657 711 757; x_wconf 67' lang='lat' dir='ltr'>patria,</span> <span class='ocrx_word' id='word_1_25' title='bbox 720 681 816 743; x_wconf 91' lang='lat' dir='ltr'>quam</span> <span class='ocrx_word' id='word_1_26' title='bbox 832 681 889 722; x_wconf 90' lang='lat' dir='ltr'>rex</span> <span class='ocrx_word' id='word_1_27' title='bbox 900 672 933 722; x_wconf 91' lang='lat' dir='ltr'>et</span> <span class='ocrx_word' id='word_1_28' title='bbox 949 658 1159 721; x_wconf 87' lang='lat' dir='ltr'>domestici</span> <span class='ocrx_word' id='word_1_29' title='bbox 1132 682 1200 743; x_wconf 87' lang='lat' dir='ltr'>eJus</span> <span class='ocrx_word' id='word_1_30' title='bbox 1216 683 1283 723; x_wconf 91' lang='lat' dir='ltr'>non</span> <span class='ocrx_word' id='word_1_31' title='bbox 1301 683 1363 760; x_wconf 80' lang='lat' dir='ltr'>no-</span> 
     </span>
     <span class='ocr_line' id='line_1_5' title="bbox 206 743 1362 844; baseline 0.003 -37"><span class='ocrx_word' id='word_1_32' title='bbox 206 760 331 822; x_wconf 90' lang='lat' dir='ltr'>verant,</span> <span class='ocrx_word' id='word_1_33' title='bbox 349 768 446 830; x_wconf 89' lang='lat' dir='ltr'>quare</span> <span class='ocrx_word' id='word_1_34' title='bbox 466 744 749 808; x_wconf 89' lang='lat' dir='ltr'>lacrimaretur&#39;t</span> <span class='ocrx_word' id='word_1_35' title='bbox 705 768 734 807; x_wconf 93' lang='lat' dir='ltr'>m</span> <span class='ocrx_word' id='word_1_36' title='bbox 738 759 942 827; x_wconf 88' lang='lat' dir='ltr'>t·errogasset,</span> <span class='ocrx_word' id='word_1_37' title='bbox 963 743 1094 821; x_wconf 67' lang='lat' dir='ltr'>“scia&#39;&#39;</span> <span class='ocrx_word' id='word_1_38' title='bbox 1111 746 1224 844; x_wconf 79' lang='lat' dir='ltr'>inquit,</span> <span class='ocrx_word' id='word_1_39' title='bbox 1244 746 1362 832; x_wconf 85' lang='lat' dir='ltr'>“quia</span> 
     </span>
     <span class='ocr_line' id='line_1_6' title="bbox 205 831 1358 917; baseline -0.001 -20"><span class='ocrx_word' id='word_1_40' title='bbox 205 856 271 897; x_wconf 91' lang='lat' dir='ltr'>non</span> <span class='ocrx_word' id='word_1_41' title='bbox 287 833 390 896; x_wconf 90' lang='lat' dir='ltr'>multo</span> <span class='ocrx_word' id='word_1_42' title='bbox 355 846 551 915; x_wconf 90' lang='lat' dir='ltr'>totempore</span> <span class='ocrx_word' id='word_1_43' title='bbox 565 831 705 895; x_wconf 91' lang='lat' dir='ltr'>victurus</span> <span class='ocrx_word' id='word_1_44' title='bbox 718 847 766 895; x_wconf 90' lang='lat' dir='ltr'>est</span> <span class='ocrx_word' id='word_1_45' title='bbox 782 855 852 895; x_wconf 84' lang='lat' dir='ltr'>rex.</span> <span class='ocrx_word' id='word_1_46' title='bbox 902 831 1072 917; x_wconf 84' lang='lat' dir='ltr'>Nunquam</span> <span class='ocrx_word' id='word_1_47' title='bbox 1086 833 1171 896; x_wconf 83' lang='lat' dir='ltr'>eninr</span> <span class='ocrx_word' id='word_1_48' title='bbox 1185 847 1260 896; x_wconf 89' lang='lat' dir='ltr'>ante</span> <span class='ocrx_word' id='word_1_49' title='bbox 1270 834 1358 909; x_wconf 83' lang='lat' dir='ltr'>haec,</span> 
     </span>
     <span class='ocr_line' id='line_1_7' title="bbox 207 918 1361 1002; baseline 0.001 -21"><span class='ocrx_word' id='word_1_50' title='bbox 207 919 271 983; x_wconf 87' lang='lat' dir='ltr'>vidi</span> <span class='ocrx_word' id='word_1_51' title='bbox 288 919 441 983; x_wconf 92' lang='lat' dir='ltr'>humilem</span> <span class='ocrx_word' id='word_1_52' title='bbox 457 941 575 1002; x_wconf 89' lang='lat' dir='ltr'>regem,</span> <span class='ocrx_word' id='word_1_53' title='bbox 594 919 678 982; x_wconf 91' lang='lat' dir='ltr'>uude</span> <span class='ocrx_word' id='word_1_54' title='bbox 695 919 926 996; x_wconf 88' lang='lat' dir='ltr'>animadverto,</span> <span class='ocrx_word' id='word_1_55' title='bbox 944 918 1031 981; x_wconf 91' lang='lat' dir='ltr'>illum</span> <span class='ocrx_word' id='word_1_56' title='bbox 1048 919 1141 982; x_wconf 84' lang='lat' dir='ltr'>citiirs</span> <span class='ocrx_word' id='word_1_57' title='bbox 1157 943 1197 982; x_wconf 88' lang='lat' dir='ltr'>ex</span> <span class='ocrx_word' id='word_1_58' title='bbox 1215 920 1274 984; x_wconf 90' lang='lat' dir='ltr'>hac</span> <span class='ocrx_word' id='word_1_59' title='bbox 1292 920 1361 983; x_wconf 89' lang='lat' dir='ltr'>vita</span> 
     </span>
     <span class='ocr_line' id='line_1_8' title="bbox 205 1005 1361 1106; baseline 0.001 -36"><span class='ocrx_word' id='word_1_60' title='bbox 205 1006 405 1091; x_wconf 87' lang='lat' dir='ltr'>rapiendum.</span> <span class='ocrx_word' id='word_1_61' title='bbox 454 1005 528 1069; x_wconf 92' lang='lat' dir='ltr'>Non</span> <span class='ocrx_word' id='word_1_62' title='bbox 551 1005 636 1069; x_wconf 90' lang='lat' dir='ltr'>enim</span> <span class='ocrx_word' id='word_1_63' title='bbox 657 1006 754 1088; x_wconf 90' lang='lat' dir='ltr'>digua</span> <span class='ocrx_word' id='word_1_64' title='bbox 773 1019 821 1069; x_wconf 89' lang='lat' dir='ltr'>est</span> <span class='ocrx_word' id='word_1_65' title='bbox 842 1005 910 1070; x_wconf 86' lang='lat' dir='ltr'>haec</span> <span class='ocrx_word' id='word_1_66' title='bbox 930 1028 1019 1106; x_wconf 85' lang='lat' dir='ltr'>gens,</span> <span class='ocrx_word' id='word_1_67' title='bbox 1038 1006 1133 1070; x_wconf 92' lang='lat' dir='ltr'>talem</span> <span class='ocrx_word' id='word_1_68' title='bbox 1152 1006 1270 1071; x_wconf 89' lang='lat' dir='ltr'>habere</span> <span class='ocrx_word' id='word_1_69' title='bbox 1286 1031 1361 1071; x_wconf 91' lang='lat' dir='ltr'>rec·</span> 
     </span>
     <span class='ocr_line' id='line_1_9' title="bbox 206 1092 1358 1193; baseline 0 -36"><span class='ocrx_word' id='word_1_70' title='bbox 206 1095 339 1158; x_wconf 60' lang='lat' dir='ltr'>toremss’</span> <span class='ocrx_word' id='word_1_71' title='bbox 389 1093 458 1157; x_wconf 92' lang='lat' dir='ltr'>Nec</span> <span class='ocrx_word' id='word_1_72' title='bbox 483 1092 585 1157; x_wconf 85' lang='lat' dir='ltr'>nrulto</span> <span class='ocrx_word' id='word_1_73' title='bbox 608 1106 691 1177; x_wconf 86' lang='lat' dir='ltr'>post,</span> <span class='ocrx_word' id='word_1_74' title='bbox 717 1093 786 1156; x_wconf 90' lang='lat' dir='ltr'>dira</span> <span class='ocrx_word' id='word_1_75' title='bbox 809 1093 958 1156; x_wconf 88' lang='lat' dir='ltr'>antistitis</span> <span class='ocrx_word' id='word_1_76' title='bbox 956 1094 1150 1193; x_wconf 37' lang='lat' dir='ltr'>..praesagia</span> <span class='ocrx_word' id='word_1_77' title='bbox 1162 1094 1244 1157; x_wconf 85' lang='lat' dir='ltr'>tristi</span> <span class='ocrx_word' id='word_1_78' title='bbox 1269 1095 1358 1178; x_wconf 88' lang='lat' dir='ltr'>regis</span> 
     </span>
     <span class='ocr_line' id='line_1_10' title="bbox 205 1179 1359 1266; baseline 0 -21"><span class='ocrx_word' id='word_1_79' title='bbox 205 1181 318 1245; x_wconf 83' lang='lat' dir='ltr'>funere</span> <span class='ocrx_word' id='word_1_80' title='bbox 335 1182 494 1266; x_wconf 90' lang='lat' dir='ltr'>completa</span> <span class='ocrx_word' id='word_1_81' title='bbox 510 1197 595 1244; x_wconf 91' lang='lat' dir='ltr'>sunt.</span> <span class='ocrx_word' id='word_1_82' title='bbox 645 1180 686 1243; x_wconf 88' lang='lat' dir='ltr'>Et</span> <span class='ocrx_word' id='word_1_83' title='bbox 702 1179 788 1243; x_wconf 71' lang='lat' dir='ltr'>certe</span> <span class='ocrx_word' id='word_1_84' title='bbox 809 1180 980 1264; x_wconf 85' lang='lat' dir='ltr'>superioris</span> <span class='ocrx_word' id='word_1_85' title='bbox 1000 1180 1151 1263; x_wconf 85' lang='lat' dir='ltr'>potestati</span> <span class='ocrx_word' id='word_1_86' title='bbox 1173 1181 1359 1245; x_wconf 85' lang='lat' dir='ltr'>inferiorem</span> 
     </span>
     <span class='ocr_line' id='line_1_11' title="bbox 205 1267 1360 1368; baseline 0 -37"><span class='ocrx_word' id='word_1_87' title='bbox 205 1267 381 1333; x_wconf 70' lang='lat' dir='ltr'>voluntarie</span> <span class='ocrx_word' id='word_1_88' title='bbox 402 1268 507 1344; x_wconf 88' lang='lat' dir='ltr'>subdi,</span> <span class='ocrx_word' id='word_1_89' title='bbox 532 1267 691 1354; x_wconf 86' lang='lat' dir='ltr'>aequitatis</span> <span class='ocrx_word' id='word_1_90' title='bbox 715 1267 816 1350; x_wconf 84' lang='lat' dir='ltr'>exigit</span> <span class='ocrx_word' id='word_1_91' title='bbox 840 1267 950 1330; x_wconf 90' lang='lat' dir='ltr'>stricta</span> <span class='ocrx_word' id='word_1_92' title='bbox 972 1267 1065 1330; x_wconf 87' lang='lat' dir='ltr'>rati0.</span> <span class='ocrx_word' id='word_1_93' title='bbox 1113 1267 1285 1368; x_wconf 79' lang='lat' dir='ltr'>AEqualem</span> <span class='ocrx_word' id='word_1_94' title='bbox 1310 1270 1360 1331; x_wconf 90' lang='lat' dir='ltr'>ni-</span> 
     </span>
     <span class='ocr_line' id='line_1_12' title="bbox 204 1353 1359 1441; baseline 0.001 -22"><span class='ocrx_word' id='word_1_95' title='bbox 204 1355 394 1420; x_wconf 91' lang='lat' dir='ltr'>chilominus</span> <span class='ocrx_word' id='word_1_96' title='bbox 410 1354 525 1441; x_wconf 85' lang='lat' dir='ltr'>aequali</span> <span class='ocrx_word' id='word_1_97' title='bbox 541 1376 605 1416; x_wconf 90' lang='lat' dir='ltr'>non</span> <span class='ocrx_word' id='word_1_98' title='bbox 621 1377 781 1440; x_wconf 89' lang='lat' dir='ltr'>nunquam</span> <span class='ocrx_word' id='word_1_99' title='bbox 799 1355 945 1438; x_wconf 90' lang='lat' dir='ltr'>supponi,</span> <span class='ocrx_word' id='word_1_100' title='bbox 957 1353 1140 1417; x_wconf 88' lang='lat' dir='ltr'>ulterioris</span> <span class='ocrx_word' id='word_1_101' title='bbox 1128 1355 1267 1438; x_wconf 89' lang='lat' dir='ltr'>Justiciae</span> <span class='ocrx_word' id='word_1_102' title='bbox 1281 1355 1359 1420; x_wconf 84' lang='lat' dir='ltr'>facit</span> 
     </span>
     <span class='ocr_line' id='line_1_13' title="bbox 204 1440 1360 1540; baseline 0.002 -35"><span class='ocrx_word' id='word_1_103' title='bbox 204 1443 372 1527; x_wconf 85' lang='lat' dir='ltr'>profectio.</span> <span class='ocrx_word' id='word_1_104' title='bbox 422 1442 487 1505; x_wconf 89' lang='lat' dir='ltr'>Sed</span> <span class='ocrx_word' id='word_1_105' title='bbox 503 1441 699 1540; x_wconf 84' lang='lat' dir='ltr'>superiorem</span> <span class='ocrx_word' id='word_1_106' title='bbox 717 1442 860 1504; x_wconf 90' lang='lat' dir='ltr'>inclinari</span> <span class='ocrx_word' id='word_1_107' title='bbox 877 1440 1029 1518; x_wconf 87' lang='lat' dir='ltr'>inferiori,</span> <span class='ocrx_word' id='word_1_108' title='bbox 1047 1464 1110 1503; x_wconf 93' lang='lat' dir='ltr'>non</span> <span class='ocrx_word' id='word_1_109' title='bbox 1126 1441 1248 1505; x_wconf 87' lang='lat' dir='ltr'>facit&#39;</span> <span class='ocrx_word' id='word_1_110' title='bbox 1218 1443 1278 1505; x_wconf 91' lang='lat' dir='ltr'>nrsi</span> <span class='ocrx_word' id='word_1_111' title='bbox 1289 1446 1360 1530; x_wconf 92' lang='lat' dir='ltr'>jus-</span> 
     </span>
     <span class='ocr_line' id='line_1_14' title="bbox 204 1528 1358 1613; baseline 0.001 -21"><span class='ocrx_word' id='word_1_112' title='bbox 204 1529 290 1592; x_wconf 86' lang='lat' dir='ltr'>ticiae</span> <span class='ocrx_word' id='word_1_113' title='bbox 306 1541 505 1592; x_wconf 89' lang='lat' dir='ltr'>consummat</span> <span class='ocrx_word' id='word_1_114' title='bbox 507 1551 535 1590; x_wconf 83' lang='lat' dir='ltr'>ae</span> <span class='ocrx_word' id='word_1_115' title='bbox 551 1528 684 1611; x_wconf 85' lang='lat' dir='ltr'>profect</span> <span class='ocrx_word' id='word_1_116' title='bbox 678 1552 719 1590; x_wconf 92' lang='grc' dir='ltr'>ιο.</span> <span class='ocrx_word' id='word_1_117' title='bbox 770 1529 846 1592; x_wconf 76' lang='lat' dir='ltr'>Und</span> <span class='ocrx_word' id='word_1_118' title='bbox 850 1552 868 1592; x_wconf 91' lang='lat' dir='ltr'>e</span> <span class='ocrx_word' id='word_1_119' title='bbox 884 1542 1010 1592; x_wconf 87' lang='lat' dir='ltr'>creator</span> <span class='ocrx_word' id='word_1_120' title='bbox 1033 1531 1178 1613; x_wconf 88' lang='lat' dir='ltr'>superior</span> <span class='ocrx_word' id='word_1_121' title='bbox 1201 1529 1358 1593; x_wconf 91' lang='lat' dir='ltr'>inclinans</span> 
     </span>
     <span class='ocr_line' id='line_1_15' title="bbox 203 1614 1357 1700; baseline 0.002 -21"><span class='ocrx_word' id='word_1_122' title='bbox 203 1639 239 1679; x_wconf 88' lang='lat' dir='ltr'>se</span> <span class='ocrx_word' id='word_1_123' title='bbox 255 1616 296 1679; x_wconf 92' lang='lat' dir='ltr'>ad</span> <span class='ocrx_word' id='word_1_124' title='bbox 319 1614 510 1699; x_wconf 80' lang='lat' dir='ltr'>baptismum</span> <span class='ocrx_word' id='word_1_125' title='bbox 527 1627 615 1676; x_wconf 89' lang='lat' dir='ltr'>creat</span> <span class='ocrx_word' id='word_1_126' title='bbox 618 1636 683 1676; x_wconf 84' lang='lat' dir='ltr'>urae</span> <span class='ocrx_word' id='word_1_127' title='bbox 703 1615 870 1691; x_wconf 85' lang='lat' dir='ltr'>inferioris,</span> <span class='ocrx_word' id='word_1_128' title='bbox 889 1615 949 1678; x_wconf 92' lang='lat' dir='ltr'>id&#39;</span> <span class='ocrx_word' id='word_1_129' title='bbox 943 1638 1044 1698; x_wconf 86' lang='lat' dir='ltr'>rpsum</span> <span class='ocrx_word' id='word_1_130' title='bbox 1065 1639 1167 1700; x_wconf 77' lang='lat' dir='ltr'>expar</span> <span class='ocrx_word' id='word_1_131' title='bbox 1171 1639 1279 1680; x_wconf 83' lang='lat' dir='ltr'>essens</span> <span class='ocrx_word' id='word_1_132' title='bbox 1299 1617 1357 1694; x_wconf 91' lang='lat' dir='ltr'>ait,</span> 
     </span>
     <span class='ocr_line' id='line_1_16' title="bbox 207 1700 1359 1788; baseline 0.003 -22"><span class='ocrx_word' id='word_1_133' title='bbox 207 1714 229 1744; x_wconf 81' lang='lat'>‘⁴</span> <span class='ocrx_word' id='word_1_134' title='bbox 248 1702 322 1766; x_wconf 88' lang='lat' dir='ltr'>Sine</span> <span class='ocrx_word' id='word_1_135' title='bbox 338 1701 487 1776; x_wconf 89' lang='lat' dir='ltr'>modo,</span> <span class='ocrx_word' id='word_1_136' title='bbox 462 1724 507 1764; x_wconf 82' lang='lat' dir='ltr'>sic</span> <span class='ocrx_word' id='word_1_137' title='bbox 529 1700 615 1763; x_wconf 91' lang='lat' dir='ltr'>enim</span> <span class='ocrx_word' id='word_1_138' title='bbox 630 1701 722 1764; x_wconf 90' lang='lat' dir='ltr'>decet</span> <span class='ocrx_word' id='word_1_139' title='bbox 739 1723 795 1762; x_wconf 92' lang='lat' dir='ltr'>nos</span> <span class='ocrx_word' id='word_1_140' title='bbox 812 1701 945 1785; x_wconf 86' lang='lat' dir='ltr'>implere</span> <span class='ocrx_word' id='word_1_141' title='bbox 962 1724 1090 1766; x_wconf 88' lang='lat' dir='ltr'>omnem</span> <span class='ocrx_word' id='word_1_142' title='bbox 1102 1703 1297 1788; x_wconf 87' lang='lat' dir='ltr'>justiciam,’&#39;</span> <span class='ocrx_word' id='word_1_143' title='bbox 1313 1705 1359 1770; x_wconf 88' lang='lat' dir='ltr'>sic</span> 
     </span>
     <span class='ocr_line' id='line_1_17' title="bbox 205 1787 1359 1875; baseline 0.004 -24"><span class='ocrx_word' id='word_1_144' title='bbox 205 1789 356 1854; x_wconf 89' lang='lat' dir='ltr'>videlicet</span> <span class='ocrx_word' id='word_1_145' title='bbox 372 1787 569 1851; x_wconf 90' lang='lat' dir='ltr'>humiliando</span> <span class='ocrx_word' id='word_1_146' title='bbox 585 1810 618 1851; x_wconf 89' lang='lat' dir='ltr'>se</span> <span class='ocrx_word' id='word_1_147' title='bbox 635 1810 741 1851; x_wconf 88' lang='lat' dir='ltr'>coram</span> <span class='ocrx_word' id='word_1_148' title='bbox 758 1788 911 1851; x_wconf 88' lang='lat' dir='ltr'>inferiori</span> <span class='ocrx_word' id='word_1_149' title='bbox 960 1789 1089 1873; x_wconf 87' lang='lat' dir='ltr'>Hujus</span> <span class='ocrx_word' id='word_1_150' title='bbox 1077 1790 1217 1875; x_wconf 85' lang='lat' dir='ltr'>Justiciae</span> <span class='ocrx_word' id='word_1_151' title='bbox 1233 1791 1359 1875; x_wconf 79' lang='lat' dir='ltr'>perfec-</span> 
     </span>
     <span class='ocr_line' id='line_1_18' title="bbox 205 1876 1359 1962; baseline -0.001 -21"><span class='ocrx_word' id='word_1_152' title='bbox 205 1877 327 1941; x_wconf 92' lang='lat' dir='ltr'>tionem</span> <span class='ocrx_word' id='word_1_153' title='bbox 361 1876 479 1940; x_wconf 87' lang='lat' dir='ltr'>Beatus</span> <span class='ocrx_word' id='word_1_154' title='bbox 506 1876 579 1940; x_wconf 86' lang='lat' dir='ltr'>Rex</span> <span class='ocrx_word' id='word_1_155' title='bbox 607 1876 753 1940; x_wconf 89' lang='lat' dir='ltr'>Oswinus</span> <span class='ocrx_word' id='word_1_156' title='bbox 777 1876 909 1938; x_wconf 89' lang='lat' dir='ltr'>edoctus</span> <span class='ocrx_word' id='word_1_157' title='bbox 934 1899 997 1939; x_wconf 91' lang='lat' dir='ltr'>non</span> <span class='ocrx_word' id='word_1_158' title='bbox 1023 1877 1213 1941; x_wconf 88' lang='lat' dir='ltr'>litteratoria</span> <span class='ocrx_word' id='word_1_159' title='bbox 1235 1879 1359 1962; x_wconf 86' lang='lat' dir='ltr'>profes-</span> 
     </span>
     <span class='ocr_line' id='line_1_19' title="bbox 205 1963 1355 2049; baseline 0.001 -22"><span class='ocrx_word' id='word_1_160' title='bbox 205 1967 293 2029; x_wconf 88' lang='lat' dir='ltr'>sione</span> <span class='ocrx_word' id='word_1_161' title='bbox 317 1964 373 2028; x_wconf 91' lang='lat' dir='ltr'>sed</span> <span class='ocrx_word' id='word_1_162' title='bbox 402 1963 538 2048; x_wconf 89' lang='lat' dir='ltr'>Spiritus</span> <span class='ocrx_word' id='word_1_163' title='bbox 562 1963 707 2048; x_wconf 83' lang='lat' dir='ltr'>paracliti</span> <span class='ocrx_word' id='word_1_164' title='bbox 731 1963 893 2040; x_wconf 88' lang='lat' dir='ltr'>unctione,</span> <span class='ocrx_word' id='word_1_165' title='bbox 911 1964 1008 2047; x_wconf 86' lang='lat' dir='ltr'>regiae</span> <span class='ocrx_word' id='word_1_166' title='bbox 1032 1965 1207 2049; x_wconf 86' lang='lat' dir='ltr'>majestatis</span> <span class='ocrx_word' id='word_1_167' title='bbox 1223 1966 1355 2042; x_wconf 87' lang='lat' dir='ltr'>oblitus,</span> 
     </span>
     <span class='ocr_line' id='line_1_20' title="bbox 205 2050 1356 2137; baseline 0 -21"><span class='ocrx_word' id='word_1_168' title='bbox 205 2052 404 2137; x_wconf 90' lang='lat' dir='ltr'>pedibusque</span> <span class='ocrx_word' id='word_1_169' title='bbox 428 2051 587 2134; x_wconf 87' lang='lat' dir='ltr'>pontificis</span> <span class='ocrx_word' id='word_1_170' title='bbox 610 2050 790 2126; x_wconf 78' lang='lat' dir='ltr'>advolutuS,</span> <span class='ocrx_word' id='word_1_171' title='bbox 815 2073 878 2113; x_wconf 92' lang='lat' dir='ltr'>uon</span> <span class='ocrx_word' id='word_1_172' title='bbox 903 2052 1004 2114; x_wconf 91' lang='lat' dir='ltr'>solum</span> <span class='ocrx_word' id='word_1_173' title='bbox 1029 2051 1155 2115; x_wconf 83' lang='lat' dir='ltr'>effrenis</span> <span class='ocrx_word' id='word_1_174' title='bbox 1178 2055 1282 2136; x_wconf 88' lang='lat' dir='ltr'>gentis</span> <span class='ocrx_word' id='word_1_175' title='bbox 1305 2056 1356 2116; x_wconf 92' lang='lat' dir='ltr'>cui</span> 
     </span>
     <span class='ocr_line' id='line_1_21' title="bbox 205 2138 1357 2223; baseline 0.001 -21"><span class='ocrx_word' id='word_1_176' title='bbox 205 2152 342 2223; x_wconf 74' lang='lat' dir='ltr'>praeerat</span> <span class='ocrx_word' id='word_1_177' title='bbox 365 2138 525 2201; x_wconf 89' lang='lat' dir='ltr'>feritatem</span> <span class='ocrx_word' id='word_1_178' title='bbox 543 2138 706 2221; x_wconf 90' lang='lat' dir='ltr'>suspendit</span> <span class='ocrx_word' id='word_1_179' title='bbox 731 2139 761 2200; x_wconf 92' lang='lat' dir='ltr'>in</span> <span class='ocrx_word' id='word_1_180' title='bbox 785 2138 1008 2214; x_wconf 86' lang='lat' dir='ltr'>admiratione,</span> <span class='ocrx_word' id='word_1_181' title='bbox 1037 2139 1094 2201; x_wconf 92' lang='lat' dir='ltr'>sed</span> <span class='ocrx_word' id='word_1_182' title='bbox 1117 2139 1214 2202; x_wconf 89' lang='lat' dir='ltr'>etiam</span> <span class='ocrx_word' id='word_1_183' title='bbox 1237 2140 1357 2203; x_wconf 86' lang='lat' dir='ltr'>adultae</span> 
     </span>
     <span class='ocr_line' id='line_1_22' title="bbox 165 2225 1356 2309; baseline 0.002 -21"><span class='ocrx_word' id='word_1_184' title='bbox 165 2237 167 2239; x_wconf 80' lang='grc'><strong>’</strong></span> <span class='ocrx_word' id='word_1_185' title='bbox 205 2226 368 2309; x_wconf 89' lang='lat' dir='ltr'>religionis</span> <span class='ocrx_word' id='word_1_186' title='bbox 383 2238 501 2308; x_wconf 86' lang='lat' dir='ltr'>patres,</span> <span class='ocrx_word' id='word_1_187' title='bbox 519 2225 567 2287; x_wconf 93' lang='lat' dir='ltr'>sui</span> <span class='ocrx_word' id='word_1_188' title='bbox 585 2225 734 2306; x_wconf 85' lang='lat' dir='ltr'>exemplo</span> <span class='ocrx_word' id='word_1_189' title='bbox 750 2225 897 2287; x_wconf 81' lang='lat' dir='ltr'>accendit</span> <span class='ocrx_word' id='word_1_190' title='bbox 913 2226 953 2287; x_wconf 90' lang='lat' dir='ltr'>ad</span> <span class='ocrx_word' id='word_1_191' title='bbox 972 2225 1236 2289; x_wconf 85' lang='lat' dir='ltr'>humiliationem.</span> <span class='ocrx_word' id='word_1_192' title='bbox 1286 2227 1356 2290; x_wconf 88' lang='lat' dir='ltr'>Nec</span> 
     </span>
     <span class='ocr_line' id='line_1_23' title="bbox 205 2311 1357 2395; baseline 0 -18"><span class='ocrx_word' id='word_1_193' title='bbox 205 2328 296 2377; x_wconf 90' lang='lat' dir='ltr'>eraut</span> <span class='ocrx_word' id='word_1_194' title='bbox 312 2324 388 2375; x_wconf 91' lang='lat' dir='ltr'>tuuc</span> <span class='ocrx_word' id='word_1_195' title='bbox 405 2312 556 2395; x_wconf 88' lang='lat' dir='ltr'>temporis</span> <span class='ocrx_word' id='word_1_196' title='bbox 571 2311 738 2395; x_wconf 79' lang='lat' dir='ltr'>pontifices</span> <span class='ocrx_word' id='word_1_197' title='bbox 755 2325 790 2373; x_wconf 93' lang='lat' dir='ltr'>ut</span> <span class='ocrx_word' id='word_1_198' title='bbox 807 2334 901 2387; x_wconf 90' lang='lat' dir='ltr'>nunc,</span> <span class='ocrx_word' id='word_1_199' title='bbox 920 2312 969 2374; x_wconf 84' lang='lat' dir='ltr'>vel</span> <span class='ocrx_word' id='word_1_200' title='bbox 990 2312 1173 2377; x_wconf 90' lang='lat' dir='ltr'>divitiarum</span> <span class='ocrx_word' id='word_1_201' title='bbox 1192 2313 1357 2378; x_wconf 69' lang='lat' dir='ltr'>affluentia</span> 
     </span>
     <span class='ocr_line' id='line_1_24' title="bbox 205 2398 1357 2498; baseline 0.001 -34"><span class='ocrx_word' id='word_1_202' title='bbox 205 2398 364 2476; x_wconf 90' lang='lat' dir='ltr'>insolenti,</span> <span class='ocrx_word' id='word_1_203' title='bbox 382 2399 433 2462; x_wconf 86' lang='lat' dir='ltr'>vel</span> <span class='ocrx_word' id='word_1_204' title='bbox 458 2398 593 2462; x_wconf 88' lang='lat' dir='ltr'>vestium</span> <span class='ocrx_word' id='word_1_205' title='bbox 616 2398 831 2498; x_wconf 85' lang='lat' dir='ltr'>preciosarum</span> <span class='ocrx_word' id='word_1_206' title='bbox 853 2421 1009 2482; x_wconf 91' lang='lat' dir='ltr'>pomposo</span> <span class='ocrx_word' id='word_1_207' title='bbox 1025 2399 1119 2477; x_wconf 86' lang='lat' dir='ltr'>fastu,</span> <span class='ocrx_word' id='word_1_208' title='bbox 1137 2401 1234 2464; x_wconf 87' lang='lat' dir='ltr'>etiam</span> <span class='ocrx_word' id='word_1_209' title='bbox 1251 2402 1357 2465; x_wconf 92' lang='lat' dir='ltr'>diviti-</span> 
     </span>
     <span class='ocr_line' id='line_1_25' title="bbox 204 2486 1356 2572; baseline 0 -20"><span class='ocrx_word' id='word_1_210' title='bbox 204 2489 264 2552; x_wconf 88' lang='lat' dir='ltr'>bus</span> <span class='ocrx_word' id='word_1_211' title='bbox 286 2486 479 2553; x_wconf 85' lang='lat' dir='ltr'>secularibus</span> <span class='ocrx_word' id='word_1_212' title='bbox 503 2486 694 2570; x_wconf 86' lang='lat' dir='ltr'>praeeminer</span> <span class='ocrx_word' id='word_1_213' title='bbox 688 2499 757 2561; x_wconf 88' lang='lat' dir='ltr'>tes,</span> <span class='ocrx_word' id='word_1_214' title='bbox 790 2486 846 2549; x_wconf 89' lang='lat' dir='ltr'>sed</span> <span class='ocrx_word' id='word_1_215' title='bbox 870 2509 1026 2570; x_wconf 89' lang='lat' dir='ltr'>pauperes</span> <span class='ocrx_word' id='word_1_216' title='bbox 1049 2487 1139 2571; x_wconf 90' lang='lat' dir='ltr'>spirit</span> <span class='ocrx_word' id='word_1_217' title='bbox 1143 2511 1172 2565; x_wconf 92' lang='lat' dir='ltr'>u,</span> <span class='ocrx_word' id='word_1_218' title='bbox 1198 2511 1356 2572; x_wconf 86' lang='lat' dir='ltr'>pauperes</span> 
     </span>
     <span class='ocr_line' id='line_1_26' title="bbox 204 2572 1355 2672; baseline 0 -33"><span class='ocrx_word' id='word_1_219' title='bbox 204 2575 302 2639; x_wconf 86' lang='lat' dir='ltr'>etiam</span> <span class='ocrx_word' id='word_1_220' title='bbox 332 2572 538 2672; x_wconf 79' lang='lat' dir='ltr'>facultatibus</span> <span class='ocrx_word' id='word_1_221' title='bbox 568 2586 671 2646; x_wconf 89' lang='lat' dir='ltr'>erant,</span> <span class='ocrx_word' id='word_1_222' title='bbox 693 2587 726 2636; x_wconf 90' lang='lat' dir='ltr'>et</span> <span class='ocrx_word' id='word_1_223' title='bbox 757 2573 830 2636; x_wconf 85' lang='lat' dir='ltr'>ideo</span> <span class='ocrx_word' id='word_1_224' title='bbox 861 2574 1038 2637; x_wconf 90' lang='lat' dir='ltr'>contemtui</span> <span class='ocrx_word' id='word_1_225' title='bbox 1069 2574 1162 2639; x_wconf 88' lang='lat' dir='ltr'>facile</span> <span class='ocrx_word' id='word_1_226' title='bbox 1188 2577 1355 2660; x_wconf 86' lang='lat' dir='ltr'>patebant.</span> 
     </span>
     <span class='ocr_line' id='line_1_27' title="bbox 194 2659 1108 2750; baseline -0.002 -23"><span class='ocrx_word' id='word_1_227' title='bbox 194 2663 350 2750; x_wconf 70' lang='lat' dir='ltr'>Eratque</span> <span class='ocrx_word' id='word_1_228' title='bbox 366 2684 407 2726; x_wconf 94' lang='lat' dir='ltr'>eo</span> <span class='ocrx_word' id='word_1_229' title='bbox 423 2659 604 2737; x_wconf 89' lang='lat' dir='ltr'>virtuosius,</span> <span class='ocrx_word' id='word_1_230' title='bbox 622 2659 665 2722; x_wconf 88' lang='lat' dir='ltr'>eis</span> <span class='ocrx_word' id='word_1_231' title='bbox 682 2660 894 2724; x_wconf 86' lang='lat' dir='ltr'>reverentiam</span> <span class='ocrx_word' id='word_1_232' title='bbox 910 2661 1108 2746; x_wconf 89' lang='lat' dir='ltr'>impendere</span> 
     </span>
    </p>
   </div>
   <div class='ocr_carea' id='block_1_3' title="bbox 207 2925 1359 3442">
    <p class='ocr_par' dir='ltr' id='par_1_3' title="bbox 207 2925 1359 3442">
     <span class='ocr_line' id='line_1_28' title="bbox 207 2925 1356 3005; baseline -0.001 -15"><span class='ocrx_word' id='word_1_233' title='bbox 207 2927 304 2990; x_wconf 84' lang='lat' dir='ltr'><em>CAP.</em></span> <span class='ocrx_word' id='word_1_234' title='bbox 328 2927 353 2988; x_wconf 93' lang='grc' dir='ltr'><em>Ι</em></span> <span class='ocrx_word' id='word_1_235' title='bbox 353 2925 600 3001; x_wconf 78' lang='lat' dir='ltr'>lL-Qnomodo</span> <span class='ocrx_word' id='word_1_236' title='bbox 614 2934 686 3004; x_wconf 84' lang='lat' dir='ltr'>post</span> <span class='ocrx_word' id='word_1_237' title='bbox 703 2927 815 2988; x_wconf 83' lang='lat' dir='ltr'>multus</span> <span class='ocrx_word' id='word_1_238' title='bbox 824 2929 1057 3005; x_wconf 79' lang='lat' dir='ltr'>persecutiones,</span> <span class='ocrx_word' id='word_1_239' title='bbox 1075 2947 1142 2988; x_wconf 84' lang='lat' dir='ltr'>cnm</span> <span class='ocrx_word' id='word_1_240' title='bbox 1156 2928 1201 2987; x_wconf 87' lang='lat' dir='ltr'>od</span> <span class='ocrx_word' id='word_1_241' title='bbox 1217 2928 1356 2989; x_wconf 81' lang='lat' dir='ltr'>altimum</span> 
     </span>
     <span class='ocr_line' id='line_1_29' title="bbox 291 3013 1359 3094; baseline 0 -19"><span class='ocrx_word' id='word_1_242' title='bbox 291 3017 325 3075; x_wconf 85' lang='lat' dir='ltr'>in</span> <span class='ocrx_word' id='word_1_243' title='bbox 339 3014 422 3087; x_wconf 87' lang='lat' dir='ltr'>bello,</span> <span class='ocrx_word' id='word_1_244' title='bbox 437 3014 486 3074; x_wconf 82' lang='lat' dir='ltr'>vel</span> <span class='ocrx_word' id='word_1_245' title='bbox 499 3014 634 3074; x_wconf 79' lang='lat' dir='ltr'>adverae</span> <span class='ocrx_word' id='word_1_246' title='bbox 652 3016 757 3092; x_wconf 83' lang='lat' dir='ltr'>partis</span> <span class='ocrx_word' id='word_1_247' title='bbox 771 3015 934 3093; x_wconf 67' lang='lat' dir='ltr'>sanguinis</span> <span class='ocrx_word' id='word_1_248' title='bbox 947 3013 1103 3094; x_wconf 79' lang='lat' dir='ltr'>effiesione,</span> <span class='ocrx_word' id='word_1_249' title='bbox 1120 3015 1168 3075; x_wconf 86' lang='lat' dir='ltr'>uel</span> <span class='ocrx_word' id='word_1_250' title='bbox 1180 3034 1246 3075; x_wconf 81' lang='lat' dir='ltr'>snoe</span> <span class='ocrx_word' id='word_1_251' title='bbox 1257 3018 1359 3092; x_wconf 78' lang='lat' dir='ltr'>qentis</span> 
     </span>
     <span class='ocr_line' id='line_1_30' title="bbox 291 3101 1359 3177; baseline 0.001 -15"><span class='ocrx_word' id='word_1_252' title='bbox 291 3102 510 3173; x_wconf 80' lang='lat' dir='ltr'>detrimentum,</span> <span class='ocrx_word' id='word_1_253' title='bbox 529 3118 591 3177; x_wconf 81' lang='lat' dir='ltr'>pro</span> <span class='ocrx_word' id='word_1_254' title='bbox 621 3118 712 3177; x_wconf 77' lang='lat' dir='ltr'>reqne</span> <span class='ocrx_word' id='word_1_255' title='bbox 734 3109 852 3162; x_wconf 86' lang='lat' dir='ltr'>terreno</span> <span class='ocrx_word' id='word_1_256' title='bbox 873 3119 995 3162; x_wconf 86' lang='lat' dir='ltr'>cernere</span> <span class='ocrx_word' id='word_1_257' title='bbox 1017 3101 1162 3174; x_wconf 78' lang='lat' dir='ltr'>horreret,</span> <span class='ocrx_word' id='word_1_258' title='bbox 1190 3110 1224 3163; x_wconf 87' lang='lat' dir='ltr'>nt</span> <span class='ocrx_word' id='word_1_259' title='bbox 1243 3103 1359 3163; x_wconf 79' lang='lat' dir='ltr'>sceleste</span> 
     </span>
     <span class='ocr_line' id='line_1_31' title="bbox 292 3181 1358 3290; baseline 0 -42"><span class='ocrx_word' id='word_1_260' title='bbox 292 3205 418 3266; x_wconf 70' lang='lat' dir='ltr'>repnnm</span> <span class='ocrx_word' id='word_1_261' title='bbox 436 3188 621 3257; x_wconf 83' lang='lat' dir='ltr'>lucraretur,</span> <span class='ocrx_word' id='word_1_262' title='bbox 643 3189 756 3248; x_wconf 81' lang='grc' dir='ltr'>ιἰιιιιιιιι</span> <span class='ocrx_word' id='word_1_263' title='bbox 770 3191 864 3290; x_wconf 76' lang='lat' dir='ltr'>pacis</span> <span class='ocrx_word' id='word_1_264' title='bbox 879 3190 912 3248; x_wconf 82' lang='lat' dir='ltr'>r&#39;n</span> <span class='ocrx_word' id='word_1_265' title='bbox 925 3181 1047 3248; x_wconf 84' lang='lat' dir='ltr'>domum</span> <span class='ocrx_word' id='word_1_266' title='bbox 1063 3187 1242 3250; x_wconf 83' lang='lat' dir='ltr'>Hnnwalde&#39;</span> <span class='ocrx_word' id='word_1_267' title='bbox 1255 3188 1358 3266; x_wconf 78' lang='lat' dir='ltr'>enjus-</span> 
     </span>
     <span class='ocr_line' id='line_1_32' title="bbox 291 3274 1358 3355; baseline 0 -19"><span class='ocrx_word' id='word_1_268' title='bbox 291 3277 364 3336; x_wconf 85' lang='lat' dir='ltr'>dorn</span> <span class='ocrx_word' id='word_1_269' title='bbox 376 3274 490 3354; x_wconf 82' lang='lat' dir='ltr'>famil</span> <span class='ocrx_word' id='word_1_270' title='bbox 478 3276 557 3334; x_wconf 82' lang='lat' dir='ltr'>raris</span> <span class='ocrx_word' id='word_1_271' title='bbox 582 3274 708 3336; x_wconf 79' lang='lat' dir='ltr'>Comitis</span> <span class='ocrx_word' id='word_1_272' title='bbox 729 3278 780 3336; x_wconf 85' lang='lat' dir='ltr'>sni</span> <span class='ocrx_word' id='word_1_273' title='bbox 802 3275 1004 3354; x_wconf 65' lang='lat' dir='ltr'>receptando</span> <span class='ocrx_word' id='word_1_274' title='bbox 1026 3277 1127 3336; x_wconf 86' lang='lat' dir='ltr'>eodem</span> <span class='ocrx_word' id='word_1_275' title='bbox 1153 3276 1268 3337; x_wconf 77' lang='lat' dir='ltr'>Comr&#39;te</span> <span class='ocrx_word' id='word_1_276' title='bbox 1289 3279 1358 3355; x_wconf 71' lang='lat' dir='ltr'>regi</span> 
     </span>
     <span class='ocr_line' id='line_1_33' title="bbox 294 3361 961 3442; baseline -0.003 -18"><span class='ocrx_word' id='word_1_277' title='bbox 294 3361 383 3424; x_wconf 83' lang='lat' dir='ltr'>Oswi</span> <span class='ocrx_word' id='word_1_278' title='bbox 391 3362 500 3441; x_wconf 80' lang='lat' dir='ltr'>prodit</span> <span class='ocrx_word' id='word_1_279' title='bbox 501 3381 546 3437; x_wconf 85' lang='lat' dir='ltr'>ns,</span> <span class='ocrx_word' id='word_1_280' title='bbox 564 3363 706 3423; x_wconf 80' lang='lat' dir='ltr'>innocens</span> <span class='ocrx_word' id='word_1_281' title='bbox 721 3362 895 3442; x_wconf 65' lang='lat' dir='ltr'>inteffectns</span> <span class='ocrx_word' id='word_1_282' title='bbox 908 3369 961 3423; x_wconf 82' lang='lat' dir='ltr'>est</span> 
     </span>
    </p>
   </div>
   <div class='ocr_carea' id='block_1_4' title="bbox 203 3532 1357 4406">
    <p class='ocr_par' dir='ltr' id='par_1_4' title="bbox 203 3532 1357 4406">
     <span class='ocr_line' id='line_1_34' title="bbox 250 3532 1357 3620; baseline 0 -23"><span class='ocrx_word' id='word_1_283' title='bbox 250 3532 359 3597; x_wconf 90' lang='lat' dir='ltr'>Multa</span> <span class='ocrx_word' id='word_1_284' title='bbox 374 3545 448 3597; x_wconf 91' lang='lat' dir='ltr'>sunt</span> <span class='ocrx_word' id='word_1_285' title='bbox 464 3545 496 3597; x_wconf 90' lang='lat' dir='ltr'>et</span> <span class='ocrx_word' id='word_1_286' title='bbox 512 3533 573 3597; x_wconf 87' lang='lat' dir='ltr'>alia</span> <span class='ocrx_word' id='word_1_287' title='bbox 587 3532 775 3598; x_wconf 91' lang='lat' dir='ltr'>humilitatis</span> <span class='ocrx_word' id='word_1_288' title='bbox 788 3534 947 3618; x_wconf 86' lang='lat' dir='ltr'>exempla,</span> <span class='ocrx_word' id='word_1_289' title='bbox 961 3535 1024 3620; x_wconf 66' lang='lat' dir='ltr'>qua</span> <span class='ocrx_word' id='word_1_290' title='bbox 1039 3534 1192 3597; x_wconf 89' lang='lat' dir='ltr'>decenter</span> <span class='ocrx_word' id='word_1_291' title='bbox 1207 3547 1240 3597; x_wconf 90' lang='lat' dir='ltr'>et</span> <span class='ocrx_word' id='word_1_292' title='bbox 1255 3535 1357 3597; x_wconf 89' lang='lat' dir='ltr'>abun-</span> 
     </span>
     <span class='ocr_line' id='line_1_35' title="bbox 205 3620 1356 3720; baseline -0.002 -34"><span class='ocrx_word' id='word_1_293' title='bbox 205 3623 321 3686; x_wconf 90' lang='lat' dir='ltr'>danter</span> <span class='ocrx_word' id='word_1_294' title='bbox 335 3621 390 3684; x_wconf 90' lang='lat' dir='ltr'>illa</span> <span class='ocrx_word' id='word_1_295' title='bbox 406 3620 479 3684; x_wconf 91' lang='lat' dir='ltr'>Deo</span> <span class='ocrx_word' id='word_1_296' title='bbox 495 3621 612 3685; x_wconf 84' lang='lat' dir='ltr'>devota</span> <span class='ocrx_word' id='word_1_297' title='bbox 627 3622 731 3685; x_wconf 90' lang='lat' dir='ltr'>anima</span> <span class='ocrx_word' id='word_1_298' title='bbox 747 3623 913 3698; x_wconf 89' lang='lat' dir='ltr'>vernabat,</span> <span class='ocrx_word' id='word_1_299' title='bbox 927 3622 984 3685; x_wconf 90' lang='lat' dir='ltr'>sed</span> <span class='ocrx_word' id='word_1_300' title='bbox 1000 3641 1207 3684; x_wconf 88' lang='lat' dir='ltr'>annumerare</span> <span class='ocrx_word' id='word_1_301' title='bbox 1223 3620 1356 3720; x_wconf 79' lang='lat' dir='ltr'>longum</span> 
     </span>
     <span class='ocr_line' id='line_1_36' title="bbox 206 3706 1356 3794; baseline -0.003 -20"><span class='ocrx_word' id='word_1_302' title='bbox 206 3726 266 3786; x_wconf 85' lang='lat' dir='ltr'>est,</span> <span class='ocrx_word' id='word_1_303' title='bbox 282 3708 504 3794; x_wconf 88' lang='lat' dir='ltr'>videbiturque</span> <span class='ocrx_word' id='word_1_304' title='bbox 518 3708 711 3792; x_wconf 85' lang='lat' dir='ltr'>protractior</span> <span class='ocrx_word' id='word_1_305' title='bbox 720 3708 753 3770; x_wconf 93' lang='lat' dir='ltr'>in</span> <span class='ocrx_word' id='word_1_306' title='bbox 765 3710 834 3792; x_wconf 86' lang='lat' dir='ltr'>ejus</span> <span class='ocrx_word' id='word_1_307' title='bbox 849 3706 1126 3772; x_wconf 88' lang='lat' dir='ltr'>commendatione</span> <span class='ocrx_word' id='word_1_308' title='bbox 1139 3727 1229 3768; x_wconf 91' lang='lat' dir='ltr'>mora</span> <span class='ocrx_word' id='word_1_309' title='bbox 1241 3707 1356 3771; x_wconf 82' lang='lat' dir='ltr'>ceteris</span> 
     </span>
     <span class='ocr_line' id='line_1_37' title="bbox 204 3791 1356 3880; baseline 0.001 -22"><span class='ocrx_word' id='word_1_310' title='bbox 204 3797 302 3861; x_wconf 85' lang='lat' dir='ltr'>virtut</span> <span class='ocrx_word' id='word_1_311' title='bbox 290 3797 374 3860; x_wconf 90' lang='lat' dir='ltr'>tibus</span> <span class='ocrx_word' id='word_1_312' title='bbox 398 3797 467 3880; x_wconf 91' lang='lat' dir='ltr'>ejus</span> <span class='ocrx_word' id='word_1_313' title='bbox 491 3797 608 3859; x_wconf 88' lang='lat' dir='ltr'>damna</span> <span class='ocrx_word' id='word_1_314' title='bbox 630 3795 732 3858; x_wconf 91' lang='lat' dir='ltr'>laudis</span> <span class='ocrx_word' id='word_1_315' title='bbox 755 3795 885 3858; x_wconf 88' lang='lat' dir='ltr'>inferre.</span> <span class='ocrx_word' id='word_1_316' title='bbox 933 3791 1140 3856; x_wconf 84' lang='lat' dir='ltr'>Praeeminuit</span> <span class='ocrx_word' id='word_1_317' title='bbox 1162 3814 1299 3880; x_wconf 88' lang='lat' dir='ltr'>namque</span> <span class='ocrx_word' id='word_1_318' title='bbox 1323 3794 1356 3858; x_wconf 93' lang='lat' dir='ltr'>in</span> 
     </span>
     <span class='ocr_line' id='line_1_38' title="bbox 207 3879 1355 3978; baseline -0.002 -30"><span class='ocrx_word' id='word_1_319' title='bbox 207 3907 247 3948; x_wconf 88' lang='lat' dir='ltr'>eo</span> <span class='ocrx_word' id='word_1_320' title='bbox 268 3885 361 3971; x_wconf 73' lang='lat' dir='ltr'>sequa</span> <span class='ocrx_word' id='word_1_321' title='bbox 379 3884 598 3970; x_wconf 89' lang='lat' dir='ltr'>proportione,</span> <span class='ocrx_word' id='word_1_322' title='bbox 616 3883 668 3946; x_wconf 92' lang='lat' dir='ltr'>vel</span> <span class='ocrx_word' id='word_1_323' title='bbox 687 3881 931 3945; x_wconf 87' lang='lat' dir='ltr'>elemosinarum</span> <span class='ocrx_word' id='word_1_324' title='bbox 944 3879 1089 3978; x_wconf 86' lang='lat' dir='ltr'>largitio,</span> <span class='ocrx_word' id='word_1_325' title='bbox 1106 3879 1355 3946; x_wconf 88' lang='lat' dir='ltr'>misericordiam</span> 
     </span>
     <span class='ocr_line' id='line_1_39' title="bbox 206 3965 1356 4066; baseline -0.003 -31"><span class='ocrx_word' id='word_1_326' title='bbox 206 3972 265 4036; x_wconf 81' lang='lat' dir='ltr'>viri</span> <span class='ocrx_word' id='word_1_327' title='bbox 288 3994 465 4047; x_wconf 80' lang='lat' dir='ltr'>exercens3</span> <span class='ocrx_word' id='word_1_328' title='bbox 489 3970 539 4034; x_wconf 82' lang='lat' dir='ltr'>vel</span> <span class='ocrx_word' id='word_1_329' title='bbox 562 3967 720 4052; x_wconf 84' lang='lat' dir='ltr'>oppressis</span> <span class='ocrx_word' id='word_1_330' title='bbox 743 3965 951 4031; x_wconf 89' lang='lat' dir='ltr'>subveniendi</span> <span class='ocrx_word' id='word_1_331' title='bbox 975 3967 1163 4066; x_wconf 82' lang='lat' dir='ltr'>compassio,</span> <span class='ocrx_word' id='word_1_332' title='bbox 1189 3969 1356 4034; x_wconf 87' lang='lat' dir='ltr'>caritatem</span> 
     </span>
     <span class='ocr_line' id='line_1_40' title="bbox 203 4052 1355 4144; baseline -0.003 -20"><span class='ocrx_word' id='word_1_333' title='bbox 203 4060 409 4144; x_wconf 85' lang='lat' dir='ltr'>exprimens3</span> <span class='ocrx_word' id='word_1_334' title='bbox 433 4058 484 4122; x_wconf 91' lang='lat' dir='ltr'>vel</span> <span class='ocrx_word' id='word_1_335' title='bbox 506 4053 657 4138; x_wconf 87' lang='lat' dir='ltr'>subjectis</span> <span class='ocrx_word' id='word_1_336' title='bbox 680 4053 832 4137; x_wconf 88' lang='lat' dir='ltr'>parcendi</span> <span class='ocrx_word' id='word_1_337' title='bbox 848 4052 996 4130; x_wconf 90' lang='lat' dir='ltr'>dulcedo,</span> <span class='ocrx_word' id='word_1_338' title='bbox 1014 4053 1168 4137; x_wconf 90' lang='lat' dir='ltr'>pietatem</span> <span class='ocrx_word' id='word_1_339' title='bbox 1184 4077 1355 4141; x_wconf 89' lang='lat' dir='ltr'>promens·</span> <span class='ocrx_word' id='word_1_340' title='bbox 1343 4103 1355 4140; x_wconf 85' lang='lat'>,</span> 
     </span>
     <span class='ocr_line' id='line_1_41' title="bbox 207 4139 1356 4239; baseline -0.002 -29"><span class='ocrx_word' id='word_1_341' title='bbox 207 4147 259 4210; x_wconf 87' lang='lat' dir='ltr'>vel</span> <span class='ocrx_word' id='word_1_342' title='bbox 281 4145 453 4215; x_wconf 86' lang='lat' dir='ltr'>rebellibus</span> <span class='ocrx_word' id='word_1_343' title='bbox 475 4139 645 4205; x_wconf 85' lang='lat' dir='ltr'>resistendi</span> <span class='ocrx_word' id='word_1_344' title='bbox 668 4140 796 4239; x_wconf 72' lang='lat' dir='ltr'>acredo,</span> <span class='ocrx_word' id='word_1_345' title='bbox 821 4140 1004 4203; x_wconf 90' lang='lat' dir='ltr'>libertatem</span> <span class='ocrx_word' id='word_1_346' title='bbox 1034 4164 1200 4208; x_wconf 86' lang='lat' dir='ltr'>exercens.</span> <span class='ocrx_word' id='word_1_347' title='bbox 1252 4143 1356 4228; x_wconf 85' lang='lat' dir='ltr'>Igitur</span> 
     </span>
     <span class='ocr_line' id='line_1_42' title="bbox 205 4225 1357 4326; baseline 0 -31"><span class='ocrx_word' id='word_1_348' title='bbox 205 4233 363 4319; x_wconf 85' lang='lat' dir='ltr'>vigiliis,</span> <span class='ocrx_word' id='word_1_349' title='bbox 349 4255 394 4318; x_wconf 92' lang='lat' dir='ltr'>JeJ</span> <span class='ocrx_word' id='word_1_350' title='bbox 381 4231 491 4317; x_wconf 68' lang='lat' dir='ltr'>ajune,</span> <span class='ocrx_word' id='word_1_351' title='bbox 508 4225 742 4326; x_wconf 83' lang='lat' dir='ltr'>orationibus,</span> <span class='ocrx_word' id='word_1_352' title='bbox 731 4226 892 4305; x_wconf 75' lang='lat' dir='ltr'>insistens,</span> <span class='ocrx_word' id='word_1_353' title='bbox 911 4241 944 4291; x_wconf 89' lang='lat' dir='ltr'>et</span> <span class='ocrx_word' id='word_1_354' title='bbox 966 4241 1015 4293; x_wconf 89' lang='lat' dir='ltr'>tot</span> <span class='ocrx_word' id='word_1_355' title='bbox 1034 4242 1068 4294; x_wconf 89' lang='lat' dir='ltr'>et</span> <span class='ocrx_word' id='word_1_356' title='bbox 1090 4231 1185 4295; x_wconf 88' lang='lat' dir='ltr'>tantis</span> <span class='ocrx_word' id='word_1_357' title='bbox 1202 4232 1357 4297; x_wconf 89' lang='lat' dir='ltr'>virtutum</span> 
     </span>
     <span class='ocr_line' id='line_1_43' title="bbox 206 4313 1356 4406; baseline -0.002 -23"><span class='ocrx_word' id='word_1_358' title='bbox 206 4318 427 4406; x_wconf 85' lang='lat' dir='ltr'>praerogativis</span> <span class='ocrx_word' id='word_1_359' title='bbox 450 4313 615 4399; x_wconf 83' lang='lat' dir='ltr'>insignitus</span> <span class='ocrx_word' id='word_1_360' title='bbox 638 4313 788 4402; x_wconf 90' lang='lat' dir='ltr'>egregius</span> <span class='ocrx_word' id='word_1_361' title='bbox 815 4315 884 4379; x_wconf 89' lang='lat' dir='ltr'>Rex</span> <span class='ocrx_word' id='word_1_362' title='bbox 912 4315 1072 4398; x_wconf 91' lang='lat' dir='ltr'>Oswinus,</span> <span class='ocrx_word' id='word_1_363' title='bbox 1100 4319 1131 4384; x_wconf 90' lang='lat' dir='ltr'>ei</span> <span class='ocrx_word' id='word_1_364' title='bbox 1158 4318 1356 4384; x_wconf 84' lang='lat' dir='ltr'>adversarius</span> 
     </span>
    </p>
   </div>
   <div class='ocr_carea' id='block_1_5' title="bbox 0 0 1448 5018">
    <p class='ocr_par' dir='ltr' id='par_1_5' title="bbox 0 0 1448 5018">
     <span class='ocr_line' id='line_1_44' title="bbox 0 0 1448 5018; baseline 0 0"><span class='ocrx_word' id='word_1_365' title='bbox 0 0 1448 5018; x_wconf 95' lang='lat' dir='ltr'> </span> 
     </span>
    </p>
   </div>
  </div>
 </body>
</html>
