<?xml version="1.0" encoding="UTF-8"?>
<!DOCTYPE html PUBLIC "-//W3C//DTD XHTML 1.0 Transitional//EN"
    "http://www.w3.org/TR/xhtml1/DTD/xhtml1-transitional.dtd">
<html xmlns="http://www.w3.org/1999/xhtml" xml:lang="en" lang="en">
 <head>
  <title>
</title>
<meta http-equiv="Content-Type" content="text/html;charset=utf-8" />
  <meta name='ocr-system' content='tesseract 3.04.00' />
  <meta name='ocr-capabilities' content='ocr_page ocr_carea ocr_par ocr_line ocrx_word'/>
</head>
<body>
  <div class='ocr_page' id='page_1' title='image "./miscellaneabiog00raingoog_0091.png"; bbox 0 0 2888 5018; ppageno 0'>
   <div class='ocr_carea' id='block_1_1' title="bbox 171 332 941 406">
    <p class='ocr_par' dir='ltr' id='par_1_1' title="bbox 171 332 941 406">
     <span class='ocr_line' id='line_1_1' title="bbox 171 332 941 406; baseline 0.025 -25"><span class='ocrx_word' id='word_1_1' title='bbox 171 332 218 406; x_wconf 65' lang='lat'><strong>72</strong></span> <span class='ocrx_word' id='word_1_2' title='bbox 544 342 733 398; x_wconf 78' lang='lat' dir='ltr'>LIBELLUS</span> <span class='ocrx_word' id='word_1_3' title='bbox 760 346 812 398; x_wconf 86' lang='lat' dir='ltr'><strong>DE</strong></span> <span class='ocrx_word' id='word_1_4' title='bbox 839 345 941 400; x_wconf 79' lang='lat' dir='ltr'>ORTU</span> 
     </span>
    </p>
   </div>
   <div class='ocr_carea' id='block_1_2' title="bbox 149 510 1311 2708">
    <p class='ocr_par' dir='ltr' id='par_1_2' title="bbox 149 510 1311 2708">
     <span class='ocr_line' id='line_1_2' title="bbox 167 510 1309 598; baseline 0.015 -22"><span class='ocrx_word' id='word_1_5' title='bbox 167 513 265 578; x_wconf 90' lang='lat' dir='ltr'><strong>kelim</strong></span> <span class='ocrx_word' id='word_1_6' title='bbox 283 533 378 577; x_wconf 87' lang='lat' dir='ltr'><strong>suurn</strong></span> <span class='ocrx_word' id='word_1_7' title='bbox 400 510 634 598; x_wconf 79' lang='lat' dir='ltr'><strong>redintegraret</strong></span> <span class='ocrx_word' id='word_1_8' title='bbox 664 512 883 576; x_wconf 89' lang='lat' dir='ltr'><strong>vehementius</strong></span> <span class='ocrx_word' id='word_1_9' title='bbox 908 514 1076 582; x_wconf 88' lang='lat' dir='ltr'><strong>obsecrare</strong></span> <span class='ocrx_word' id='word_1_10' title='bbox 1092 540 1160 585; x_wconf 91' lang='lat' dir='ltr'><strong>non</strong></span> <span class='ocrx_word' id='word_1_11' title='bbox 1184 522 1309 598; x_wconf 84' lang='lat' dir='ltr'><strong>destitit</strong></span> 
     </span>
     <span class='ocr_line' id='line_1_3' title="bbox 170 599 1310 696; baseline 0.016 -32"><span class='ocrx_word' id='word_1_12' title='bbox 170 602 355 665; x_wconf 86' lang='lat' dir='ltr'><strong>Admiratus</strong></span> <span class='ocrx_word' id='word_1_13' title='bbox 366 613 476 664; x_wconf 87' lang='lat' dir='ltr'><strong>autem</strong></span> <span class='ocrx_word' id='word_1_14' title='bbox 491 599 581 663; x_wconf 85' lang='lat' dir='ltr'><strong>faber</strong></span> <span class='ocrx_word' id='word_1_15' title='bbox 597 599 661 676; x_wconf 88' lang='lat' dir='ltr'><strong>ille,</strong></span> <span class='ocrx_word' id='word_1_16' title='bbox 679 599 766 685; x_wconf 93' lang='lat' dir='ltr'><strong>quod</strong></span> <span class='ocrx_word' id='word_1_17' title='bbox 780 613 844 664; x_wconf 88' lang='lat' dir='ltr'><strong>tam</strong></span> <span class='ocrx_word' id='word_1_18' title='bbox 856 615 980 667; x_wconf 87' lang='lat' dir='ltr'><strong>matura</strong></span> <span class='ocrx_word' id='word_1_19' title='bbox 991 607 1166 688; x_wconf 90' lang='lat' dir='ltr'><strong>prudentia</strong></span> <span class='ocrx_word' id='word_1_20' title='bbox 1178 616 1310 696; x_wconf 86' lang='lat' dir='ltr'><strong>petierit,</strong></span> 
     </span>
     <span class='ocr_line' id='line_1_4' title="bbox 166 687 1310 775; baseline 0.017 -25"><span class='ocrx_word' id='word_1_21' title='bbox 166 691 221 775; x_wconf 93' lang='lat' dir='ltr'><strong>qui</strong></span> <span class='ocrx_word' id='word_1_22' title='bbox 236 688 342 752; x_wconf 91' lang='lat' dir='ltr'><strong>adhuc</strong></span> <span class='ocrx_word' id='word_1_23' title='bbox 357 688 442 752; x_wconf 86' lang='lat' dir='ltr'><strong>infra</strong></span> <span class='ocrx_word' id='word_1_24' title='bbox 456 710 555 752; x_wconf 88' lang='lat' dir='ltr'><strong>annos</strong></span> <span class='ocrx_word' id='word_1_25' title='bbox 571 687 718 772; x_wconf 88' lang='lat' dir='ltr'><strong>pueritiae</strong></span> <span class='ocrx_word' id='word_1_26' title='bbox 734 690 868 766; x_wconf 85' lang='lat' dir='ltr'><strong>exstitit,</strong></span> <span class='ocrx_word' id='word_1_27' title='bbox 886 693 954 775; x_wconf 89' lang='lat' dir='ltr'><strong>ejus</strong></span> <span class='ocrx_word' id='word_1_28' title='bbox 970 695 1118 775; x_wconf 80' lang='lat' dir='ltr'><strong>precibus</strong></span> <span class='ocrx_word' id='word_1_29' title='bbox 1134 701 1310 768; x_wconf 87' lang='lat' dir='ltr'><strong>cedendum</strong></span> 
     </span>
     <span class='ocr_line' id='line_1_5' title="bbox 166 774 1311 868; baseline 0.017 -30"><span class='ocrx_word' id='word_1_30' title='bbox 166 777 325 852; x_wconf 83' lang='lat' dir='ltr'><strong>credidit3</strong></span> <span class='ocrx_word' id='word_1_31' title='bbox 349 799 389 840; x_wconf 90' lang='lat' dir='ltr'><strong>eo</strong></span> <span class='ocrx_word' id='word_1_32' title='bbox 405 776 492 863; x_wconf 92' lang='lat' dir='ltr'><strong>quod</strong></span> <span class='ocrx_word' id='word_1_33' title='bbox 517 774 662 860; x_wconf 89' lang='lat' dir='ltr'><strong>spiritum</strong></span> <span class='ocrx_word' id='word_1_34' title='bbox 689 775 752 839; x_wconf 92' lang='lat' dir='ltr'><strong>Dei</strong></span> <span class='ocrx_word' id='word_1_35' title='bbox 768 798 825 859; x_wconf 91' lang='lat' dir='ltr'><strong>per</strong></span> <span class='ocrx_word' id='word_1_36' title='bbox 842 800 878 840; x_wconf 91' lang='lat' dir='ltr'><strong>os</strong></span> <span class='ocrx_word' id='word_1_37' title='bbox 904 778 988 842; x_wconf 92' lang='lat' dir='ltr'><strong>illius</strong></span> <span class='ocrx_word' id='word_1_38' title='bbox 1011 781 1198 868; x_wconf 89' lang='lat' dir='ltr'><strong>loquentem</strong></span> <span class='ocrx_word' id='word_1_39' title='bbox 1223 791 1311 856; x_wconf 89' lang='lat' dir='ltr'><strong>intel-</strong></span> 
     </span>
     <span class='ocr_line' id='line_1_6' title="bbox 166 862 1311 947; baseline 0.017 -21"><span class='ocrx_word' id='word_1_40' title='bbox 166 864 256 931; x_wconf 85' lang='lat' dir='ltr'><strong>lexit.</strong></span> <span class='ocrx_word' id='word_1_41' title='bbox 304 864 403 929; x_wconf 87' lang='lat' dir='ltr'><strong>Unde</strong></span> <span class='ocrx_word' id='word_1_42' title='bbox 420 876 452 928; x_wconf 90' lang='lat' dir='ltr'><strong>et</strong></span> <span class='ocrx_word' id='word_1_43' title='bbox 479 885 579 947; x_wconf 89' lang='lat' dir='ltr'><strong>puero</strong></span> <span class='ocrx_word' id='word_1_44' title='bbox 596 862 678 926; x_wconf 86' lang='lat' dir='ltr'>dixit</span> <span class='ocrx_word' id='word_1_45' title='bbox 702 864 803 927; x_wconf 86' lang='lat' dir='ltr'><strong>“Pro</strong></span> <span class='ocrx_word' id='word_1_46' title='bbox 820 865 893 929; x_wconf 87' lang='lat' dir='ltr'><strong>Deo</strong></span> <span class='ocrx_word' id='word_1_47' title='bbox 910 866 1047 932; x_wconf 83' lang='lat' dir='ltr'><strong>libenter</strong></span> <span class='ocrx_word' id='word_1_48' title='bbox 1071 885 1136 934; x_wconf 80' lang='lat' dir='ltr'><strong>tuae</strong></span> <span class='ocrx_word' id='word_1_49' title='bbox 1157 876 1311 946; x_wconf 86' lang='lat' dir='ltr'><strong>voluntati</strong></span> 
     </span>
     <span class='ocr_line' id='line_1_7' title="bbox 164 950 1309 1042; baseline 0.017 -28"><span class='ocrx_word' id='word_1_50' title='bbox 164 966 295 1037; x_wconf 88' lang='lat' dir='ltr'><strong>paratus</strong></span> <span class='ocrx_word' id='word_1_51' title='bbox 317 954 430 1028; x_wconf 86' lang='lat' dir='ltr'><strong>exist0,</strong></span> <span class='ocrx_word' id='word_1_52' title='bbox 462 952 517 1015; x_wconf 90' lang='lat' dir='ltr'><strong>sed</strong></span> <span class='ocrx_word' id='word_1_53' title='bbox 534 966 635 1014; x_wconf 90' lang='lat' dir='ltr'><strong>artem</strong></span> <span class='ocrx_word' id='word_1_54' title='bbox 652 951 723 1013; x_wconf 88' lang='lat' dir='ltr'><strong>aeris</strong></span> <span class='ocrx_word' id='word_1_55' title='bbox 739 950 891 1016; x_wconf 84' lang='lat' dir='ltr'><strong>fusoriam</strong></span> <span class='ocrx_word' id='word_1_56' title='bbox 912 957 1042 1039; x_wconf 88' lang='lat' dir='ltr'><strong>penitus</strong></span> <span class='ocrx_word' id='word_1_57' title='bbox 1058 960 1204 1042; x_wconf 82' lang='lat' dir='ltr'><strong>ignoro.&#39;’</strong></span> <span class='ocrx_word' id='word_1_58' title='bbox 1253 968 1309 1032; x_wconf 90' lang='lat' dir='ltr'><strong>Cui</strong></span> 
     </span>
     <span class='ocr_line' id='line_1_8' title="bbox 165 1040 1309 1138; baseline 0.019 -40"><span class='ocrx_word' id='word_1_59' title='bbox 165 1061 257 1124; x_wconf 84' lang='lat' dir='ltr'><strong>puer,</strong></span> <span class='ocrx_word' id='word_1_60' title='bbox 284 1050 307 1083; x_wconf 85' lang='lat'><strong>“</strong></span> <span class='ocrx_word' id='word_1_61' title='bbox 322 1040 460 1104; x_wconf 84' lang='lat' dir='ltr'><strong>Confido</strong></span> <span class='ocrx_word' id='word_1_62' title='bbox 474 1041 504 1102; x_wconf 93' lang='lat' dir='ltr'><strong>in</strong></span> <span class='ocrx_word' id='word_1_63' title='bbox 516 1040 604 1114; x_wconf 88' lang='lat' dir='ltr'><strong>Deo,</strong></span> <span class='ocrx_word' id='word_1_64' title='bbox 617 1040 649 1099; x_wconf 94' lang='lat' dir='ltr'><strong>in</strong></span> <span class='ocrx_word' id='word_1_65' title='bbox 663 1062 758 1123; x_wconf 89' lang='lat' dir='ltr'><strong>quem</strong></span> <span class='ocrx_word' id='word_1_66' title='bbox 769 1040 876 1118; x_wconf 89' lang='lat' dir='ltr'><strong>credo,</strong></span> <span class='ocrx_word' id='word_1_67' title='bbox 892 1043 978 1127; x_wconf 92' lang='lat' dir='ltr'><strong>quod</strong></span> <span class='ocrx_word' id='word_1_68' title='bbox 991 1045 1084 1129; x_wconf 89' lang='lat' dir='ltr'><strong>hujus</strong></span> <span class='ocrx_word' id='word_1_69' title='bbox 1104 1050 1182 1114; x_wconf 86' lang='lat' dir='ltr'><strong>artis</strong></span> <span class='ocrx_word' id='word_1_70' title='bbox 1195 1056 1309 1138; x_wconf 86' lang='lat' dir='ltr'><strong>pericia</strong></span> 
     </span>
     <span class='ocr_line' id='line_1_9' title="bbox 164 1127 1308 1214; baseline 0.024 -34"><span class='ocrx_word' id='word_1_71' title='bbox 164 1150 229 1192; x_wconf 80' lang='lat' dir='ltr'><strong>non</strong></span> <span class='ocrx_word' id='word_1_72' title='bbox 246 1128 435 1214; x_wconf 83' lang='lat' dir='ltr'><strong>privaberis,</strong></span> <span class='ocrx_word' id='word_1_73' title='bbox 454 1129 480 1191; x_wconf 93' lang='lat' dir='ltr'><strong>si</strong></span> <span class='ocrx_word' id='word_1_74' title='bbox 493 1143 601 1191; x_wconf 85' lang='lat' dir='ltr'><strong>tamen</strong></span> <span class='ocrx_word' id='word_1_75' title='bbox 616 1148 677 1210; x_wconf 91' lang='lat' dir='ltr'><strong>pro</strong></span> <span class='ocrx_word' id='word_1_76' title='bbox 693 1127 761 1210; x_wconf 84' lang='lat' dir='ltr'><strong>ejus</strong></span> <span class='ocrx_word' id='word_1_77' title='bbox 778 1151 888 1192; x_wconf 90' lang='lat' dir='ltr'><strong>amore</strong></span> <span class='ocrx_word' id='word_1_78' title='bbox 911 1130 1107 1198; x_wconf 92' lang='lat' dir='ltr'><strong>desiderium</strong></span> <span class='ocrx_word' id='word_1_79' title='bbox 1124 1159 1232 1204; x_wconf 88' lang='lat' dir='ltr'><strong>meum</strong></span> <span class='ocrx_word' id='word_1_80' title='bbox 1257 1145 1308 1208; x_wconf 89' lang='lat' dir='ltr'><strong>ad-</strong></span> 
     </span>
     <span class='ocr_line' id='line_1_10' title="bbox 162 1214 1308 1301; baseline 0.017 -24"><span class='ocrx_word' id='word_1_81' title='bbox 162 1215 297 1301; x_wconf 90' lang='lat' dir='ltr'><strong>implere</strong></span> <span class='ocrx_word' id='word_1_82' title='bbox 313 1215 481 1281; x_wconf 87' lang='lat' dir='ltr'><strong>volueris.’&#39;</strong></span> <span class='ocrx_word' id='word_1_83' title='bbox 527 1214 622 1277; x_wconf 87' lang='lat' dir='ltr'><strong>Tunc</strong></span> <span class='ocrx_word' id='word_1_84' title='bbox 633 1214 724 1278; x_wconf 87' lang='lat' dir='ltr'><strong>faber</strong></span> <span class='ocrx_word' id='word_1_85' title='bbox 739 1215 801 1291; x_wconf 85' lang='lat' dir='ltr'><strong>ille,</strong></span> <span class='ocrx_word' id='word_1_86' title='bbox 828 1226 848 1256; x_wconf 84' lang='lat'><strong>“</strong></span> <span class='ocrx_word' id='word_1_87' title='bbox 862 1217 928 1292; x_wconf 80' lang='lat' dir='ltr'><strong>Qui</strong></span> <span class='ocrx_word' id='word_1_88' title='bbox 942 1219 1037 1282; x_wconf 90' lang='lat' dir='ltr'><strong>caelos</strong></span> <span class='ocrx_word' id='word_1_89' title='bbox 1048 1223 1139 1287; x_wconf 89' lang='lat' dir='ltr'><strong>novit</strong></span> <span class='ocrx_word' id='word_1_90' title='bbox 1153 1225 1308 1297; x_wconf 86' lang='lat' dir='ltr'><strong>fabricare</strong></span> 
     </span>
     <span class='ocr_line' id='line_1_11' title="bbox 161 1301 1306 1397; baseline 0.017 -31"><span class='ocrx_word' id='word_1_91' title='bbox 161 1304 230 1388; x_wconf 90' lang='lat' dir='ltr'><strong>ipse</strong></span> <span class='ocrx_word' id='word_1_92' title='bbox 256 1306 335 1369; x_wconf 85' lang='lat' dir='ltr'><strong>milri</strong></span> <span class='ocrx_word' id='word_1_93' title='bbox 351 1304 444 1390; x_wconf 88' lang='lat' dir='ltr'><strong>hujus</strong></span> <span class='ocrx_word' id='word_1_94' title='bbox 455 1302 531 1367; x_wconf 89' lang='lat' dir='ltr'><strong>artis</strong></span> <span class='ocrx_word' id='word_1_95' title='bbox 548 1301 696 1386; x_wconf 79' lang='lat' dir='ltr'><strong>peritiam</strong></span> <span class='ocrx_word' id='word_1_96' title='bbox 711 1305 786 1366; x_wconf 88' lang='lat' dir='ltr'><strong>satis</strong></span> <span class='ocrx_word' id='word_1_97' title='bbox 799 1307 919 1387; x_wconf 88' lang='lat' dir='ltr'><strong>poterit</strong></span> <span class='ocrx_word' id='word_1_98' title='bbox 934 1308 1133 1387; x_wconf 88' lang='lat' dir='ltr'><strong>condonare,</strong></span> <span class='ocrx_word' id='word_1_99' title='bbox 1151 1316 1210 1380; x_wconf 90' lang='lat' dir='ltr'><strong>sed</strong></span> <span class='ocrx_word' id='word_1_100' title='bbox 1226 1341 1306 1397; x_wconf 85' lang='lat' dir='ltr'><strong>ecce,</strong></span> 
     </span>
     <span class='ocr_line' id='line_1_12' title="bbox 160 1391 1307 1492; baseline 0.016 -39"><span class='ocrx_word' id='word_1_101' title='bbox 160 1391 235 1456; x_wconf 90' lang='lat' dir='ltr'><strong>licet</strong></span> <span class='ocrx_word' id='word_1_102' title='bbox 259 1393 338 1455; x_wconf 91' lang='lat' dir='ltr'><strong>mihi</strong></span> <span class='ocrx_word' id='word_1_103' title='bbox 363 1395 403 1456; x_wconf 92' lang='lat' dir='ltr'><strong>sit</strong></span> <span class='ocrx_word' id='word_1_104' title='bbox 422 1392 579 1467; x_wconf 84' lang='lat' dir='ltr'><strong>voluntas,</strong></span> <span class='ocrx_word' id='word_1_105' title='bbox 606 1413 670 1452; x_wconf 92' lang='lat' dir='ltr'><strong>non</strong></span> <span class='ocrx_word' id='word_1_106' title='bbox 694 1404 801 1454; x_wconf 90' lang='lat' dir='ltr'><strong>tamen</strong></span> <span class='ocrx_word' id='word_1_107' title='bbox 826 1395 968 1477; x_wconf 87' lang='lat' dir='ltr'><strong>suppetit</strong></span> <span class='ocrx_word' id='word_1_108' title='bbox 996 1397 1140 1478; x_wconf 68' lang='lat' dir='ltr'><strong>racanas,</strong></span> <span class='ocrx_word' id='word_1_109' title='bbox 1167 1426 1208 1467; x_wconf 88' lang='lat' dir='ltr'><strong>eo</strong></span> <span class='ocrx_word' id='word_1_110' title='bbox 1224 1408 1307 1492; x_wconf 90' lang='lat' dir='ltr'><strong>quod</strong></span> 
     </span>
     <span class='ocr_line' id='line_1_13' title="bbox 159 1479 1306 1572; baseline 0.015 -31"><span class='ocrx_word' id='word_1_111' title='bbox 159 1479 286 1566; x_wconf 85' lang='lat' dir='ltr'><strong>longius</strong></span> <span class='ocrx_word' id='word_1_112' title='bbox 310 1504 329 1543; x_wconf 88' lang='lat' dir='ltr'><strong>a</strong></span> <span class='ocrx_word' id='word_1_113' title='bbox 355 1479 540 1543; x_wconf 88' lang='lat' dir='ltr'><strong>nemoribus</strong></span> <span class='ocrx_word' id='word_1_114' title='bbox 556 1500 675 1555; x_wconf 84' lang='lat' dir='ltr'><strong>sumna,</strong></span> <span class='ocrx_word' id='word_1_115' title='bbox 693 1492 726 1543; x_wconf 89' lang='lat' dir='ltr'><strong>et</strong></span> <span class='ocrx_word' id='word_1_116' title='bbox 749 1480 863 1543; x_wconf 84' lang='lat' dir='ltr'><strong>fabrile</strong></span> <span class='ocrx_word' id='word_1_117' title='bbox 879 1505 960 1566; x_wconf 92' lang='lat' dir='ltr'><strong>opus</strong></span> <span class='ocrx_word' id='word_1_118' title='bbox 976 1484 1097 1572; x_wconf 84' lang='lat' dir='ltr'><strong>absque</strong></span> <span class='ocrx_word' id='word_1_119' title='bbox 1116 1492 1306 1560; x_wconf 88' lang='lat' dir='ltr'><strong>carbonibus</strong></span> 
     </span>
     <span class='ocr_line' id='line_1_14' title="bbox 159 1566 1304 1662; baseline 0.016 -33"><span class='ocrx_word' id='word_1_120' title='bbox 159 1567 321 1653; x_wconf 86' lang='lat' dir='ltr'><strong>quercinis</strong></span> <span class='ocrx_word' id='word_1_121' title='bbox 359 1566 485 1630; x_wconf 87' lang='lat' dir='ltr'><strong>efficere</strong></span> <span class='ocrx_word' id='word_1_122' title='bbox 516 1566 606 1628; x_wconf 89' lang='lat' dir='ltr'><strong>nullo</strong></span> <span class='ocrx_word' id='word_1_123' title='bbox 644 1567 742 1629; x_wconf 88' lang='lat' dir='ltr'><strong>modo</strong></span> <span class='ocrx_word' id='word_1_124' title='bbox 773 1567 946 1632; x_wconf 54' lang='lat' dir='ltr'><strong>valemus?</strong></span> <span class='ocrx_word' id='word_1_125' title='bbox 1008 1573 1103 1638; x_wconf 89' lang='lat' dir='ltr'><strong>Tunc</strong></span> <span class='ocrx_word' id='word_1_126' title='bbox 1142 1582 1304 1662; x_wconf 93' lang='lat' dir='ltr'><strong>puerulus,</strong></span> 
     </span>
     <span class='ocr_line' id='line_1_15' title="bbox 161 1653 1306 1754; baseline 0.017 -38"><span class='ocrx_word' id='word_1_127' title='bbox 161 1655 287 1718; x_wconf 86' lang='lat' dir='ltr'><strong>“Deus</strong></span> <span class='ocrx_word' id='word_1_128' title='bbox 302 1655 396 1718; x_wconf 92' lang='lat' dir='ltr'><strong>nobis</strong></span> <span class='ocrx_word' id='word_1_129' title='bbox 409 1653 523 1731; x_wconf 89' lang='lat' dir='ltr'><strong>aderit,</strong></span> <span class='ocrx_word' id='word_1_130' title='bbox 541 1667 573 1716; x_wconf 89' lang='lat' dir='ltr'><strong>et</strong></span> <span class='ocrx_word' id='word_1_131' title='bbox 583 1653 777 1736; x_wconf 88' lang='lat' dir='ltr'><strong>adjutorium</strong></span> <span class='ocrx_word' id='word_1_132' title='bbox 795 1655 1039 1724; x_wconf 88' lang='lat' dir='ltr'><strong>administrabit.</strong></span> <span class='ocrx_word' id='word_1_133' title='bbox 1088 1661 1176 1730; x_wconf 90' lang='lat' dir='ltr'><strong>Nam</strong></span> <span class='ocrx_word' id='word_1_134' title='bbox 1192 1667 1225 1730; x_wconf 93' lang='lat' dir='ltr'><strong>in</strong></span> <span class='ocrx_word' id='word_1_135' title='bbox 1241 1671 1306 1754; x_wconf 87' lang='lat' dir='ltr'><strong>ejus</strong></span> 
     </span>
     <span class='ocr_line' id='line_1_16' title="bbox 158 1742 1305 1844; baseline 0.016 -39"><span class='ocrx_word' id='word_1_136' title='bbox 158 1744 290 1806; x_wconf 91' lang='lat' dir='ltr'><strong>nomine</strong></span> <span class='ocrx_word' id='word_1_137' title='bbox 303 1743 367 1819; x_wconf 91' lang='lat' dir='ltr'><strong>ib0,</strong></span> <span class='ocrx_word' id='word_1_138' title='bbox 385 1755 417 1805; x_wconf 92' lang='lat' dir='ltr'><strong>et</strong></span> <span class='ocrx_word' id='word_1_139' title='bbox 433 1743 516 1825; x_wconf 86' lang='lat' dir='ltr'><strong>ignis</strong></span> <span class='ocrx_word' id='word_1_140' title='bbox 532 1742 685 1825; x_wconf 89' lang='lat' dir='ltr'><strong>pabulum</strong></span> <span class='ocrx_word' id='word_1_141' title='bbox 701 1742 792 1805; x_wconf 86' lang='lat' dir='ltr'><strong>nobis</strong></span> <span class='ocrx_word' id='word_1_142' title='bbox 809 1743 966 1808; x_wconf 87' lang='lat' dir='ltr'><strong>sufficiens</strong></span> <span class='ocrx_word' id='word_1_143' title='bbox 982 1751 1150 1831; x_wconf 88' lang='lat' dir='ltr'><strong>portab0.&#39;&#39;</strong></span> <span class='ocrx_word' id='word_1_144' title='bbox 1182 1756 1305 1844; x_wconf 85' lang='lat' dir='ltr'><strong>Accep-</strong></span> 
     </span>
     <span class='ocr_line' id='line_1_17' title="bbox 157 1829 1305 1919; baseline 0.016 -26"><span class='ocrx_word' id='word_1_145' title='bbox 157 1843 256 1916; x_wconf 89' lang='lat' dir='ltr'><strong>toque.</strong></span> <span class='ocrx_word' id='word_1_146' title='bbox 272 1831 419 1894; x_wconf 89' lang='lat' dir='ltr'><strong>messoris</strong></span> <span class='ocrx_word' id='word_1_147' title='bbox 435 1829 596 1905; x_wconf 85' lang='lat' dir='ltr'><strong>fasciculo,</strong></span> <span class='ocrx_word' id='word_1_148' title='bbox 611 1830 692 1892; x_wconf 89' lang='lat' dir='ltr'><strong>exiit</strong></span> <span class='ocrx_word' id='word_1_149' title='bbox 704 1831 736 1891; x_wconf 90' lang='lat' dir='ltr'><strong>in</strong></span> <span class='ocrx_word' id='word_1_150' title='bbox 755 1830 847 1908; x_wconf 87' lang='lat' dir='ltr'><strong>arvis,</strong></span> <span class='ocrx_word' id='word_1_151' title='bbox 860 1845 894 1894; x_wconf 89' lang='lat' dir='ltr'><strong>et</strong></span> <span class='ocrx_word' id='word_1_152' title='bbox 906 1856 1023 1919; x_wconf 91' lang='lat' dir='ltr'><strong>cyrpos</strong></span> <span class='ocrx_word' id='word_1_153' title='bbox 1036 1837 1213 1907; x_wconf 88' lang='lat' dir='ltr'><strong>viridantes</strong></span> <span class='ocrx_word' id='word_1_154' title='bbox 1226 1858 1305 1910; x_wconf 78' lang='lat' dir='ltr'><strong>mes·</strong></span> 
     </span>
     <span class='ocr_line' id='line_1_18' title="bbox 158 1917 1304 2019; baseline 0.017 -39"><span class='ocrx_word' id='word_1_155' title='bbox 158 1918 231 1996; x_wconf 92' lang='lat' dir='ltr'><strong>suit,</strong></span> <span class='ocrx_word' id='word_1_156' title='bbox 249 1943 330 2005; x_wconf 89' lang='lat' dir='ltr'><strong>quos</strong></span> <span class='ocrx_word' id='word_1_157' title='bbox 342 1919 482 1983; x_wconf 86' lang='lat' dir='ltr'><strong>referens</strong></span> <span class='ocrx_word' id='word_1_158' title='bbox 499 1917 593 1983; x_wconf 84' lang='lat' dir='ltr'><strong>fabro</strong></span> <span class='ocrx_word' id='word_1_159' title='bbox 616 1917 661 1981; x_wconf 93' lang='lat' dir='ltr'><strong>sic</strong></span> <span class='ocrx_word' id='word_1_160' title='bbox 677 1918 794 1986; x_wconf 89' lang='lat' dir='ltr'><strong>intulit.</strong></span> <span class='ocrx_word' id='word_1_161' title='bbox 844 1921 984 1985; x_wconf 87' lang='lat' dir='ltr'><strong>“Credo</strong></span> <span class='ocrx_word' id='word_1_162' title='bbox 1008 1925 1041 1988; x_wconf 94' lang='lat' dir='ltr'><strong>in</strong></span> <span class='ocrx_word' id='word_1_163' title='bbox 1061 1927 1193 1995; x_wconf 91' lang='lat' dir='ltr'><strong>Christo</strong></span> <span class='ocrx_word' id='word_1_164' title='bbox 1220 1935 1304 2019; x_wconf 91' lang='lat' dir='ltr'><strong>quod</strong></span> 
     </span>
     <span class='ocr_line' id='line_1_19' title="bbox 158 2006 1303 2091; baseline 0.017 -24"><span class='ocrx_word' id='word_1_165' title='bbox 158 2012 323 2072; x_wconf 86' lang='lat' dir='ltr'><strong>materiam</strong></span> <span class='ocrx_word' id='word_1_166' title='bbox 354 2008 396 2070; x_wconf 88' lang='lat' dir='ltr'><strong>ad</strong></span> <span class='ocrx_word' id='word_1_167' title='bbox 419 2026 520 2071; x_wconf 88' lang='lat' dir='ltr'><strong>artem</strong></span> <span class='ocrx_word' id='word_1_168' title='bbox 551 2006 703 2069; x_wconf 78' lang='lat' dir='ltr'><strong>lusoriam</strong></span> <span class='ocrx_word' id='word_1_169' title='bbox 725 2007 800 2071; x_wconf 92' lang='lat' dir='ltr'><strong>satis</strong></span> <span class='ocrx_word' id='word_1_170' title='bbox 822 2007 981 2091; x_wconf 77' lang='lat' dir='ltr'><strong>ydoneam</strong></span> <span class='ocrx_word' id='word_1_171' title='bbox 1012 2015 1135 2078; x_wconf 90' lang='lat' dir='ltr'><strong>attuli.&#39;’</strong></span> <span class='ocrx_word' id='word_1_172' title='bbox 1181 2019 1303 2086; x_wconf 85' lang='lat' dir='ltr'><strong>Videns</strong></span> 
     </span>
     <span class='ocr_line' id='line_1_20' title="bbox 156 2093 1303 2186; baseline 0.017 -31"><span class='ocrx_word' id='word_1_173' title='bbox 156 2093 254 2181; x_wconf 79' lang='lat' dir='ltr'><strong>igitur</strong></span> <span class='ocrx_word' id='word_1_174' title='bbox 264 2097 353 2160; x_wconf 88' lang='lat' dir='ltr'><strong>faber</strong></span> <span class='ocrx_word' id='word_1_175' title='bbox 362 2095 460 2159; x_wconf 90' lang='lat' dir='ltr'><strong>fidem</strong></span> <span class='ocrx_word' id='word_1_176' title='bbox 471 2095 573 2180; x_wconf 91' lang='lat' dir='ltr'><strong>pueri,</strong></span> <span class='ocrx_word' id='word_1_177' title='bbox 586 2117 662 2157; x_wconf 86' lang='lat' dir='ltr'><strong>mox</strong></span> <span class='ocrx_word' id='word_1_178' title='bbox 674 2117 788 2181; x_wconf 90' lang='lat' dir='ltr'><strong>cyrpos</strong></span> <span class='ocrx_word' id='word_1_179' title='bbox 799 2095 970 2161; x_wconf 81' lang='lat' dir='ltr'><strong>viridantes</strong></span> <span class='ocrx_word' id='word_1_180' title='bbox 986 2101 1133 2186; x_wconf 87' lang='lat' dir='ltr'><strong>arripuit,</strong></span> <span class='ocrx_word' id='word_1_181' title='bbox 1142 2107 1175 2169; x_wconf 93' lang='lat' dir='ltr'><strong>in</strong></span> <span class='ocrx_word' id='word_1_182' title='bbox 1186 2120 1303 2174; x_wconf 87' lang='lat' dir='ltr'><strong>struem</strong></span> 
     </span>
     <span class='ocr_line' id='line_1_21' title="bbox 150 2183 1304 2283; baseline 0.016 -38"><span class='ocrx_word' id='word_1_183' title='bbox 150 2184 345 2268; x_wconf 90' lang='lat' dir='ltr'><strong>composuit,</strong></span> <span class='ocrx_word' id='word_1_184' title='bbox 362 2183 533 2269; x_wconf 85' lang='lat' dir='ltr'><strong>ignemque</strong></span> <span class='ocrx_word' id='word_1_185' title='bbox 546 2184 741 2265; x_wconf 85' lang='lat' dir='ltr'><strong>subrogavit.</strong></span> <span class='ocrx_word' id='word_1_186' title='bbox 769 2183 920 2248; x_wconf 89' lang='lat' dir='ltr'><strong>Mirabile</strong></span> <span class='ocrx_word' id='word_1_187' title='bbox 930 2187 1060 2271; x_wconf 91' lang='lat' dir='ltr'><strong>quidem</strong></span> <span class='ocrx_word' id='word_1_188' title='bbox 1071 2191 1153 2272; x_wconf 86' lang='lat' dir='ltr'><strong>visu,</strong></span> <span class='ocrx_word' id='word_1_189' title='bbox 1170 2209 1204 2259; x_wconf 89' lang='lat' dir='ltr'><strong>et</strong></span> <span class='ocrx_word' id='word_1_190' title='bbox 1219 2199 1304 2283; x_wconf 92' lang='lat' dir='ltr'><strong>quod</strong></span> 
     </span>
     <span class='ocr_line' id='line_1_22' title="bbox 156 2269 1303 2356; baseline 0.016 -24"><span class='ocrx_word' id='word_1_191' title='bbox 156 2269 280 2334; x_wconf 92' lang='lat' dir='ltr'><strong>dulcius</strong></span> <span class='ocrx_word' id='word_1_192' title='bbox 293 2283 340 2335; x_wconf 92' lang='lat' dir='ltr'><strong>est</strong></span> <span class='ocrx_word' id='word_1_193' title='bbox 365 2271 487 2347; x_wconf 89' lang='lat' dir='ltr'><strong>auditu,</strong></span> <span class='ocrx_word' id='word_1_194' title='bbox 507 2285 610 2334; x_wconf 89' lang='lat' dir='ltr'><strong>totum</strong></span> <span class='ocrx_word' id='word_1_195' title='bbox 634 2293 694 2354; x_wconf 92' lang='lat' dir='ltr'><strong>pro</strong></span> <span class='ocrx_word' id='word_1_196' title='bbox 709 2271 801 2356; x_wconf 89' lang='lat' dir='ltr'><strong>pueri</strong></span> <span class='ocrx_word' id='word_1_197' title='bbox 820 2272 939 2335; x_wconf 88' lang='lat' dir='ltr'><strong>meritis</strong></span> <span class='ocrx_word' id='word_1_198' title='bbox 964 2275 1167 2344; x_wconf 89' lang='lat' dir='ltr'><strong>declarandis</strong></span> <span class='ocrx_word' id='word_1_199' title='bbox 1185 2283 1303 2350; x_wconf 85' lang='lat' dir='ltr'><strong>Christi</strong></span> 
     </span>
     <span class='ocr_line' id='line_1_23' title="bbox 155 2356 1302 2452; baseline 0.019 -35"><span class='ocrx_word' id='word_1_200' title='bbox 155 2358 255 2421; x_wconf 90' lang='lat' dir='ltr'><strong>virtus</strong></span> <span class='ocrx_word' id='word_1_201' title='bbox 267 2372 299 2422; x_wconf 92' lang='lat' dir='ltr'><strong>et</strong></span> <span class='ocrx_word' id='word_1_202' title='bbox 316 2358 620 2422; x_wconf 86' lang='lat' dir='ltr'><strong>clementiaeffulsit.</strong></span> <span class='ocrx_word' id='word_1_203' title='bbox 672 2356 757 2421; x_wconf 88' lang='lat' dir='ltr'><strong>Nam</strong></span> <span class='ocrx_word' id='word_1_204' title='bbox 773 2358 873 2438; x_wconf 87' lang='lat' dir='ltr'><strong>faber,</strong></span> <span class='ocrx_word' id='word_1_205' title='bbox 898 2359 1028 2427; x_wconf 88' lang='lat' dir='ltr'><strong>fornace</strong></span> <span class='ocrx_word' id='word_1_206' title='bbox 1040 2371 1229 2452; x_wconf 90' lang='lat' dir='ltr'><strong>composita,</strong></span> <span class='ocrx_word' id='word_1_207' title='bbox 1240 2396 1302 2438; x_wconf 85' lang='lat' dir='ltr'><strong>aerc</strong></span> 
     </span>
     <span class='ocr_line' id='line_1_24' title="bbox 149 2446 1301 2546; baseline 0.016 -39"><span class='ocrx_word' id='word_1_208' title='bbox 149 2447 219 2531; x_wconf 87' lang='lat' dir='ltr'><strong>jam</strong></span> <span class='ocrx_word' id='word_1_209' title='bbox 234 2447 387 2533; x_wconf 88' lang='lat' dir='ltr'><strong>liquente,</strong></span> <span class='ocrx_word' id='word_1_210' title='bbox 401 2446 651 2510; x_wconf 85' lang='lat' dir='ltr'><strong>tintinnabulum</strong></span> <span class='ocrx_word' id='word_1_211' title='bbox 668 2446 769 2522; x_wconf 78' lang='lat' dir='ltr'><strong>iudit3</strong></span> <span class='ocrx_word' id='word_1_212' title='bbox 787 2461 820 2511; x_wconf 87' lang='lat' dir='ltr'><strong>et</strong></span> <span class='ocrx_word' id='word_1_213' title='bbox 830 2448 927 2531; x_wconf 86' lang='lat' dir='ltr'><strong>juxta</strong></span> <span class='ocrx_word' id='word_1_214' title='bbox 942 2466 1017 2516; x_wconf 89' lang='lat' dir='ltr'><strong>vota</strong></span> <span class='ocrx_word' id='word_1_215' title='bbox 1032 2455 1200 2544; x_wconf 88' lang='lat' dir='ltr'><strong>utriusque</strong></span> <span class='ocrx_word' id='word_1_216' title='bbox 1211 2462 1301 2546; x_wconf 87' lang='lat' dir='ltr'><strong>quale</strong></span> 
     </span>
     <span class='ocr_line' id='line_1_25' title="bbox 154 2535 1301 2633; baseline 0.014 -34"><span class='ocrx_word' id='word_1_217' title='bbox 154 2536 382 2600; x_wconf 83' lang='lat' dir='ltr'><strong>desiderabant</strong></span> <span class='ocrx_word' id='word_1_218' title='bbox 408 2535 440 2597; x_wconf 93' lang='lat' dir='ltr'><strong>in</strong></span> <span class='ocrx_word' id='word_1_219' title='bbox 472 2535 612 2600; x_wconf 91' lang='lat' dir='ltr'><strong>medium</strong></span> <span class='ocrx_word' id='word_1_220' title='bbox 639 2535 786 2620; x_wconf 89' lang='lat' dir='ltr'><strong>protulit,</strong></span> <span class='ocrx_word' id='word_1_221' title='bbox 811 2555 843 2600; x_wconf 90' lang='lat' dir='ltr'><strong>et</strong></span> <span class='ocrx_word' id='word_1_222' title='bbox 862 2537 987 2622; x_wconf 88' lang='lat' dir='ltr'><strong>signum</strong></span> <span class='ocrx_word' id='word_1_223' title='bbox 1015 2541 1177 2631; x_wconf 85' lang='lat' dir='ltr'><strong>integrum</strong></span> <span class='ocrx_word' id='word_1_224' title='bbox 1201 2570 1301 2633; x_wconf 87' lang='lat' dir='ltr'><strong>puero</strong></span> 
     </span>
     <span class='ocr_line' id='line_1_26' title="bbox 155 2625 367 2708; baseline 0.005 -20"><span class='ocrx_word' id='word_1_225' title='bbox 155 2625 367 2708; x_wconf 83' lang='lat' dir='ltr'><strong>consignavit.</strong></span> 
     </span>
    </p>
   </div>
   <div class='ocr_carea' id='block_1_3' title="bbox 612 2939 850 3023">
    <p class='ocr_par' dir='ltr' id='par_1_3' title="bbox 612 2939 850 3023">
     <span class='ocr_line' id='line_1_27' title="bbox 612 2939 850 3023; baseline 0.029 -22"><span class='ocrx_word' id='word_1_226' title='bbox 612 2939 730 3019; x_wconf 71' lang='lat' dir='ltr'><strong>[car.</strong></span> <span class='ocrx_word' id='word_1_227' title='bbox 749 2941 850 3023; x_wconf 76' lang='lat' dir='ltr'><strong>ara]</strong></span> 
     </span>
    </p>
   </div>
   <div class='ocr_carea' id='block_1_4' title="bbox 103 3164 1296 4399">
    <p class='ocr_par' dir='ltr' id='par_1_4' title="bbox 103 3164 1296 4399">
     <span class='ocr_line' id='line_1_28' title="bbox 197 3164 1296 3255; baseline 0.006 -22"><span class='ocrx_word' id='word_1_228' title='bbox 197 3169 255 3233; x_wconf 86' lang='lat' dir='ltr'><strong>Est</strong></span> <span class='ocrx_word' id='word_1_229' title='bbox 267 3167 377 3232; x_wconf 87' lang='lat' dir='ltr'><strong>civitas</strong></span> <span class='ocrx_word' id='word_1_230' title='bbox 386 3164 588 3249; x_wconf 86' lang='lat' dir='ltr'><strong>permaxima</strong></span> <span class='ocrx_word' id='word_1_231' title='bbox 598 3165 630 3227; x_wconf 94' lang='lat' dir='ltr'><strong>in</strong></span> <span class='ocrx_word' id='word_1_232' title='bbox 640 3165 901 3251; x_wconf 81' lang='lat' dir='ltr'><strong>Hybernia,quae</strong></span> <span class='ocrx_word' id='word_1_233' title='bbox 917 3166 1027 3252; x_wconf 86' lang='lat' dir='ltr'><strong>lingua</strong></span> <span class='ocrx_word' id='word_1_234' title='bbox 1036 3168 1296 3255; x_wconf 84' lang='lat' dir='ltr'><strong>Hybernensium</strong></span> 
     </span>
     <span class='ocr_line' id='line_1_29' title="bbox 154 3253 1294 3341; baseline 0.008 -21"><span class='ocrx_word' id='word_1_235' title='bbox 154 3257 307 3321; x_wconf 90' lang='lat' dir='ltr'><strong>Kenanus</strong></span> <span class='ocrx_word' id='word_1_236' title='bbox 329 3253 457 3329; x_wconf 90' lang='lat' dir='ltr'><strong>dicitur,</strong></span> <span class='ocrx_word' id='word_1_237' title='bbox 476 3254 615 3337; x_wconf 78' lang='lat' dir='ltr'><strong>regionis</strong></span> <span class='ocrx_word' id='word_1_238' title='bbox 638 3278 715 3318; x_wconf 87' lang='lat' dir='ltr'><strong>vero</strong></span> <span class='ocrx_word' id='word_1_239' title='bbox 734 3253 816 3316; x_wconf 92' lang='lat' dir='ltr'><strong>illius</strong></span> <span class='ocrx_word' id='word_1_240' title='bbox 839 3256 1007 3338; x_wconf 91' lang='lat' dir='ltr'><strong>provincia</strong></span> <span class='ocrx_word' id='word_1_241' title='bbox 1022 3258 1128 3322; x_wconf 89' lang='lat' dir='ltr'><strong>media</strong></span> <span class='ocrx_word' id='word_1_242' title='bbox 1152 3276 1294 3341; x_wconf 88' lang='lat' dir='ltr'><strong>vocatur,</strong></span> 
     </span>
     <span class='ocr_line' id='line_1_30' title="bbox 150 3341 1296 3432; baseline 0.009 -25"><span class='ocrx_word' id='word_1_243' title='bbox 150 3368 222 3432; x_wconf 88' lang='lat' dir='ltr'><strong>quae</strong></span> <span class='ocrx_word' id='word_1_244' title='bbox 235 3342 389 3408; x_wconf 89' lang='lat' dir='ltr'><strong>ditissima</strong></span> <span class='ocrx_word' id='word_1_245' title='bbox 405 3341 479 3406; x_wconf 80' lang='lat' dir='ltr'><strong>feris</strong></span> <span class='ocrx_word' id='word_1_246' title='bbox 496 3358 527 3406; x_wconf 89' lang='lat' dir='ltr'><strong>et</strong></span> <span class='ocrx_word' id='word_1_247' title='bbox 550 3342 694 3430; x_wconf 82' lang='lat' dir='ltr'><strong>frugibus</strong></span> <span class='ocrx_word' id='word_1_248' title='bbox 715 3341 864 3427; x_wconf 87' lang='lat' dir='ltr'><strong>paschuis</strong></span> <span class='ocrx_word' id='word_1_249' title='bbox 888 3357 920 3405; x_wconf 85' lang='lat' dir='ltr'><strong>et</strong></span> <span class='ocrx_word' id='word_1_250' title='bbox 936 3347 1123 3410; x_wconf 86' lang='lat' dir='ltr'><strong>nemoribus</strong></span> <span class='ocrx_word' id='word_1_251' title='bbox 1140 3350 1249 3414; x_wconf 87' lang='lat' dir='ltr'><strong>rivulis</strong></span> <span class='ocrx_word' id='word_1_252' title='bbox 1265 3367 1296 3417; x_wconf 90' lang='lat' dir='ltr'><strong>et</strong></span> 
     </span>
     <span class='ocr_line' id='line_1_31' title="bbox 148 3431 1295 3519; baseline 0.006 -22"><span class='ocrx_word' id='word_1_253' title='bbox 148 3431 336 3497; x_wconf 89' lang='lat' dir='ltr'><strong>fluminibus</strong></span> <span class='ocrx_word' id='word_1_254' title='bbox 374 3431 503 3514; x_wconf 89' lang='lat' dir='ltr'><strong>copiose</strong></span> <span class='ocrx_word' id='word_1_255' title='bbox 541 3431 740 3505; x_wconf 81' lang='lat' dir='ltr'><strong>illustratur3</strong></span> <span class='ocrx_word' id='word_1_256' title='bbox 776 3431 936 3494; x_wconf 87' lang='lat' dir='ltr'><strong>civitatem</strong></span> <span class='ocrx_word' id='word_1_257' title='bbox 968 3445 1001 3494; x_wconf 92' lang='lat' dir='ltr'><strong>et</strong></span> <span class='ocrx_word' id='word_1_258' title='bbox 1037 3439 1295 3519; x_wconf 86' lang='lat' dir='ltr'><strong>prenominatam</strong></span> 
     </span>
     <span class='ocr_line' id='line_1_32' title="bbox 151 3518 1295 3604; baseline 0.008 -21"><span class='ocrx_word' id='word_1_259' title='bbox 151 3521 253 3584; x_wconf 88' lang='lat' dir='ltr'><strong>Mana</strong></span> <span class='ocrx_word' id='word_1_260' title='bbox 266 3519 381 3583; x_wconf 88' lang='lat' dir='ltr'><strong>fluvius</strong></span> <span class='ocrx_word' id='word_1_261' title='bbox 405 3519 507 3593; x_wconf 89' lang='lat' dir='ltr'><strong>alluit,</strong></span> <span class='ocrx_word' id='word_1_262' title='bbox 524 3519 579 3604; x_wconf 92' lang='lat' dir='ltr'><strong>qui</strong></span> <span class='ocrx_word' id='word_1_263' title='bbox 603 3519 745 3604; x_wconf 89' lang='lat' dir='ltr'><strong>piscibus</strong></span> <span class='ocrx_word' id='word_1_264' title='bbox 766 3518 948 3582; x_wconf 91' lang='lat' dir='ltr'><strong>multimodi</strong></span> <span class='ocrx_word' id='word_1_265' title='bbox 963 3523 1089 3603; x_wconf 85' lang='lat' dir='ltr'><strong>generis</strong></span> <span class='ocrx_word' id='word_1_266' title='bbox 1106 3524 1295 3591; x_wconf 88' lang='lat' dir='ltr'><strong>habundan-</strong></span> 
     </span>
     <span class='ocr_line' id='line_1_33' title="bbox 149 3606 1291 3702; baseline 0.005 -30"><span class='ocrx_word' id='word_1_267' title='bbox 149 3611 269 3672; x_wconf 91' lang='lat' dir='ltr'><strong>tissime</strong></span> <span class='ocrx_word' id='word_1_268' title='bbox 286 3607 467 3671; x_wconf 86' lang='lat' dir='ltr'><strong>redundare</strong></span> <span class='ocrx_word' id='word_1_269' title='bbox 490 3607 664 3670; x_wconf 89' lang='lat' dir='ltr'><strong>consuevit.</strong></span> <span class='ocrx_word' id='word_1_270' title='bbox 711 3606 749 3669; x_wconf 91' lang='lat' dir='ltr'><strong>In</strong></span> <span class='ocrx_word' id='word_1_271' title='bbox 767 3606 828 3671; x_wconf 87' lang='lat' dir='ltr'><strong>lrac</strong></span> <span class='ocrx_word' id='word_1_272' title='bbox 846 3609 934 3684; x_wconf 85' lang='lat' dir='ltr'><strong>urbe,</strong></span> <span class='ocrx_word' id='word_1_273' title='bbox 952 3624 1019 3671; x_wconf 91' lang='lat' dir='ltr'><strong>tam</strong></span> <span class='ocrx_word' id='word_1_274' title='bbox 1032 3611 1186 3678; x_wconf 86' lang='lat' dir='ltr'><strong>deliciosa</strong></span> <span class='ocrx_word' id='word_1_275' title='bbox 1199 3639 1291 3702; x_wconf 90' lang='lat' dir='ltr'><strong>quam</strong></span> 
     </span>
     <span class='ocr_line' id='line_1_34' title="bbox 148 3695 1293 3782; baseline 0.006 -21"><span class='ocrx_word' id='word_1_276' title='bbox 148 3697 310 3782; x_wconf 87' lang='lat' dir='ltr'><strong>opulenta,</strong></span> <span class='ocrx_word' id='word_1_277' title='bbox 334 3719 415 3780; x_wconf 87' lang='lat' dir='ltr'><strong>puer</strong></span> <span class='ocrx_word' id='word_1_278' title='bbox 441 3695 499 3759; x_wconf 85' lang='lat' dir='ltr'><strong>iste</strong></span> <span class='ocrx_word' id='word_1_279' title='bbox 516 3717 604 3758; x_wconf 88' lang='lat' dir='ltr'><strong>sacer</strong></span> <span class='ocrx_word' id='word_1_280' title='bbox 627 3706 720 3757; x_wconf 88' lang='lat' dir='ltr'><strong>natus</strong></span> <span class='ocrx_word' id='word_1_281' title='bbox 743 3696 907 3771; x_wconf 89' lang='lat' dir='ltr'><strong>asseritur,</strong></span> <span class='ocrx_word' id='word_1_282' title='bbox 925 3697 980 3759; x_wconf 89' lang='lat' dir='ltr'><strong>ubi</strong></span> <span class='ocrx_word' id='word_1_283' title='bbox 1005 3699 1102 3762; x_wconf 87' lang='lat' dir='ltr'><strong>etiarn</strong></span> <span class='ocrx_word' id='word_1_284' title='bbox 1125 3702 1166 3764; x_wconf 84' lang='lat' dir='ltr'><strong>ab</strong></span> <span class='ocrx_word' id='word_1_285' title='bbox 1182 3703 1293 3768; x_wconf 91' lang='lat' dir='ltr'><strong>incolis</strong></span> 
     </span>
     <span class='ocr_line' id='line_1_35' title="bbox 147 3780 1293 3856; baseline 0.007 -7"><span class='ocrx_word' id='word_1_286' title='bbox 147 3786 236 3850; x_wconf 92' lang='lat' dir='ltr'><strong>locus</strong></span> <span class='ocrx_word' id='word_1_287' title='bbox 252 3785 336 3848; x_wconf 96' lang='lat' dir='ltr'><strong>illius</strong></span> <span class='ocrx_word' id='word_1_288' title='bbox 352 3784 524 3848; x_wconf 89' lang='lat' dir='ltr'><strong>nativitatis</strong></span> <span class='ocrx_word' id='word_1_289' title='bbox 542 3780 733 3856; x_wconf 91' lang='lat' dir='ltr'><strong>ostenditur,</strong></span> <span class='ocrx_word' id='word_1_290' title='bbox 751 3797 783 3845; x_wconf 88' lang='lat' dir='ltr'><strong>et</strong></span> <span class='ocrx_word' id='word_1_291' title='bbox 799 3784 1089 3849; x_wconf 87' lang='lat' dir='ltr'><strong>sanctimonialium</strong></span> <span class='ocrx_word' id='word_1_292' title='bbox 1110 3792 1293 3856; x_wconf 88' lang='lat' dir='ltr'><strong>coenobium</strong></span> 
     </span>
     <span class='ocr_line' id='line_1_36' title="bbox 146 3868 1293 3960; baseline 0.005 -22"><span class='ocrx_word' id='word_1_293' title='bbox 146 3897 188 3940; x_wconf 89' lang='lat' dir='ltr'><strong>ex</strong></span> <span class='ocrx_word' id='word_1_294' title='bbox 205 3876 344 3960; x_wconf 89' lang='lat' dir='ltr'><strong>antiquis</strong></span> <span class='ocrx_word' id='word_1_295' title='bbox 358 3873 463 3936; x_wconf 89' lang='lat' dir='ltr'><strong>adhuc</strong></span> <span class='ocrx_word' id='word_1_296' title='bbox 480 3871 580 3934; x_wconf 90' lang='lat' dir='ltr'><strong>ruinis</strong></span> <span class='ocrx_word' id='word_1_297' title='bbox 596 3891 616 3931; x_wconf 89' lang='lat' dir='ltr'><strong>a</strong></span> <span class='ocrx_word' id='word_1_298' title='bbox 627 3868 735 3931; x_wconf 91' lang='lat' dir='ltr'><strong>multis</strong></span> <span class='ocrx_word' id='word_1_299' title='bbox 751 3872 975 3957; x_wconf 82' lang='lat' dir='ltr'><strong>cognoscitur3</strong></span> <span class='ocrx_word' id='word_1_300' title='bbox 1004 3877 1092 3960; x_wconf 90' lang='lat' dir='ltr'><strong>quod</strong></span> <span class='ocrx_word' id='word_1_301' title='bbox 1105 3878 1196 3960; x_wconf 89' lang='lat' dir='ltr'><strong>pueri</strong></span> <span class='ocrx_word' id='word_1_302' title='bbox 1217 3881 1293 3945; x_wconf 92' lang='lat' dir='ltr'><strong>boni</strong></span> 
     </span>
     <span class='ocr_line' id='line_1_37' title="bbox 145 3957 1293 4048; baseline 0.005 -21"><span class='ocrx_word' id='word_1_303' title='bbox 145 3963 271 4048; x_wconf 87' lang='lat' dir='ltr'><strong>pietatis</strong></span> <span class='ocrx_word' id='word_1_304' title='bbox 294 3961 516 4026; x_wconf 89' lang='lat' dir='ltr'><strong>recordatione</strong></span> <span class='ocrx_word' id='word_1_305' title='bbox 532 3982 551 4020; x_wconf 89' lang='lat' dir='ltr'><strong>a</strong></span> <span class='ocrx_word' id='word_1_306' title='bbox 574 3957 890 4041; x_wconf 87' lang='lat' dir='ltr'><strong>comprovintialibus</strong></span> <span class='ocrx_word' id='word_1_307' title='bbox 907 3961 938 4020; x_wconf 92' lang='lat' dir='ltr'><strong>in</strong></span> <span class='ocrx_word' id='word_1_308' title='bbox 956 3961 1088 4026; x_wconf 79' lang='lat' dir='ltr'><strong>lionoris</strong></span> <span class='ocrx_word' id='word_1_309' title='bbox 1111 3965 1216 4048; x_wconf 84' lang='lat' dir='ltr'><strong>gloria</strong></span> <span class='ocrx_word' id='word_1_310' title='bbox 1232 3969 1293 4032; x_wconf 87' lang='lat' dir='ltr'><strong>fre·</strong></span> 
     </span>
     <span class='ocr_line' id='line_1_38' title="bbox 145 4044 1292 4138; baseline 0.005 -24"><span class='ocrx_word' id='word_1_311' title='bbox 145 4053 293 4138; x_wconf 89' lang='lat' dir='ltr'><strong>quentius</strong></span> <span class='ocrx_word' id='word_1_312' title='bbox 313 4049 483 4114; x_wconf 87' lang='lat' dir='ltr'><strong>excolitur.</strong></span> <span class='ocrx_word' id='word_1_313' title='bbox 532 4044 618 4107; x_wconf 85' lang='lat' dir='ltr'><strong>Haec</strong></span> <span class='ocrx_word' id='word_1_314' title='bbox 653 4044 833 4131; x_wconf 87' lang='lat' dir='ltr'><strong>Episcopus</strong></span> <span class='ocrx_word' id='word_1_315' title='bbox 860 4045 1025 4130; x_wconf 84' lang='lat' dir='ltr'><strong>Eugenius</strong></span> <span class='ocrx_word' id='word_1_316' title='bbox 1055 4052 1292 4120; x_wconf 90' lang='lat' dir='ltr'><strong>Hardionensis</strong></span> 
     </span>
     <span class='ocr_line' id='line_1_39' title="bbox 144 4131 1292 4232; baseline 0.003 -28"><span class='ocrx_word' id='word_1_317' title='bbox 144 4163 178 4204; x_wconf 91' lang='lat' dir='ltr'><strong>se</strong></span> <span class='ocrx_word' id='word_1_318' title='bbox 194 4140 308 4203; x_wconf 91' lang='lat' dir='ltr'><strong>vidisse</strong></span> <span class='ocrx_word' id='word_1_319' title='bbox 324 4136 479 4218; x_wconf 86' lang='lat' dir='ltr'><strong>etlegisse</strong></span> <span class='ocrx_word' id='word_1_320' title='bbox 492 4133 524 4195; x_wconf 92' lang='lat' dir='ltr'><strong>in</strong></span> <span class='ocrx_word' id='word_1_321' title='bbox 541 4131 690 4217; x_wconf 86' lang='lat' dir='ltr'><strong>hystoriis</strong></span> <span class='ocrx_word' id='word_1_322' title='bbox 709 4134 971 4222; x_wconf 82' lang='lat' dir='ltr'><strong>Hybernensium</strong></span> <span class='ocrx_word' id='word_1_323' title='bbox 987 4140 1139 4216; x_wconf 81' lang='lat' dir='ltr'><strong>asseruit3</strong></span> <span class='ocrx_word' id='word_1_324' title='bbox 1164 4142 1196 4206; x_wconf 95' lang='lat' dir='ltr'><strong>in</strong></span> <span class='ocrx_word' id='word_1_325' title='bbox 1222 4144 1292 4232; x_wconf 91' lang='lat' dir='ltr'><strong>qui·</strong></span> 
     </span>
     <span class='ocr_line' id='line_1_40' title="bbox 103 4215 1291 4318; baseline 0.008 -29"><span class='ocrx_word' id='word_1_326' title='bbox 103 4215 109 4230; x_wconf 72' lang='grc'><strong><em>’</em></strong></span> <span class='ocrx_word' id='word_1_327' title='bbox 143 4228 203 4291; x_wconf 88' lang='lat' dir='ltr'><strong>bus</strong></span> <span class='ocrx_word' id='word_1_328' title='bbox 218 4225 360 4312; x_wconf 91' lang='lat' dir='ltr'><strong>partibus</strong></span> <span class='ocrx_word' id='word_1_329' title='bbox 377 4221 443 4307; x_wconf 91' lang='lat' dir='ltr'><strong>ipse</strong></span> <span class='ocrx_word' id='word_1_330' title='bbox 459 4234 555 4284; x_wconf 85' lang='lat' dir='ltr'><strong>natus</strong></span> <span class='ocrx_word' id='word_1_331' title='bbox 570 4233 604 4284; x_wconf 94' lang='lat' dir='ltr'><strong>et</strong></span> <span class='ocrx_word' id='word_1_332' title='bbox 619 4246 638 4284; x_wconf 91' lang='lat' dir='ltr'><strong>a</strong></span> <span class='ocrx_word' id='word_1_333' title='bbox 653 4223 810 4307; x_wconf 89' lang='lat' dir='ltr'><strong>primaeva</strong></span> <span class='ocrx_word' id='word_1_334' title='bbox 824 4235 918 4286; x_wconf 81' lang='lat' dir='ltr'><strong>aetate</strong></span> <span class='ocrx_word' id='word_1_335' title='bbox 934 4247 1037 4313; x_wconf 88' lang='lat' dir='ltr'><strong>usque</strong></span> <span class='ocrx_word' id='word_1_336' title='bbox 1052 4230 1202 4296; x_wconf 87' lang='lat' dir='ltr'><strong>invirum</strong></span> <span class='ocrx_word' id='word_1_337' title='bbox 1219 4254 1291 4318; x_wconf 90' lang='lat' dir='ltr'><strong>per·</strong></span> 
     </span>
     <span class='ocr_line' id='line_1_41' title="bbox 142 4306 1290 4399; baseline 0.006 -21"><span class='ocrx_word' id='word_1_338' title='bbox 142 4315 260 4382; x_wconf 85' lang='lat' dir='ltr'><strong>sectum</strong></span> <span class='ocrx_word' id='word_1_339' title='bbox 286 4310 442 4378; x_wconf 86' lang='lat' dir='ltr'><strong>educatus</strong></span> <span class='ocrx_word' id='word_1_340' title='bbox 471 4306 588 4377; x_wconf 84' lang='lat' dir='ltr'><strong>extitit.</strong></span> <span class='ocrx_word' id='word_1_341' title='bbox 641 4310 677 4374; x_wconf 90' lang='lat' dir='ltr'><strong>ln</strong></span> <span class='ocrx_word' id='word_1_342' title='bbox 699 4311 788 4396; x_wconf 87' lang='lat' dir='ltr'><strong>cnjus</strong></span> <span class='ocrx_word' id='word_1_343' title='bbox 809 4311 1022 4399; x_wconf 82' lang='lat' dir='ltr'><strong>Episcopatus</strong></span> <span class='ocrx_word' id='word_1_344' title='bbox 1046 4317 1123 4384; x_wconf 87' lang='lat' dir='ltr'><strong>sede</strong></span> <span class='ocrx_word' id='word_1_345' title='bbox 1153 4320 1290 4388; x_wconf 87' lang='lat' dir='ltr'><strong>Sanctus</strong></span> 
     </span>
    </p>
   </div>
   <div class='ocr_carea' id='block_1_5' title="bbox 0 0 1448 5018">
    <p class='ocr_par' dir='ltr' id='par_1_5' title="bbox 0 0 1448 5018">
     <span class='ocr_line' id='line_1_42' title="bbox 0 0 1448 5018; baseline 0 7"><span class='ocrx_word' id='word_1_346' title='bbox 0 0 1448 5018; x_wconf 95' lang='lat' dir='ltr'><strong> </strong></span> 
     </span>
    </p>
   </div>
  </div>
 </body>
</html>
