2820 4988
542 453 545 460 ¹
574 395 826 448 VITA'SANCTI

212 853 327 941 [CAP.
352 849 704 930 xum-Quomodo
719 855 909 938 paraliticum
928 874 986 937 per
1006 853 1070 935 n'us
1091 855 1191 918 cohi·

530 950 654 1008 amenta
667 945 710 1007 cit
727 950 864 1009 rannus.

255 1165 341 1232 Leto
356 1175 552 1251 torpescens,
567 1164 770 1230 miserandus
785 1163 878 1230 adest
899 1162 1096 1241 adolescens,

257 1253 343 1319 Nam
358 1253 463 1318 fuerat
494 1253 568 1318 lane
583 1274 684 1339 prope
699 1252 746 1316 nil
762 1251 822 1317 nisi
838 1274 953 1337 corpus
968 1252 1080 1316 inane:

259 1340 407 1407 Officium
424 1275 550 1405 nullum
565 1341 628 1405 sibi
642 1340 820 1406 membrum
836 1341 989 1427 praestitit
1004 1339 1118 1417 ullum,

257 1429 411 1495 Sensibus
427 1442 528 1493 exuto
544 1428 680 1494 velutin
696 1439 835 1493 mortem
849 1427 1008 1504 resolut03

256 1516 420 1602 Nullaque
435 1527 631 1580 tormentum
648 1514 763 1580 minuit
778 1515 825 1580 vis
840 1527 910 1580 arte
925 1516 1124 1584 medentum.

254 1602 405 1668 Tandem
420 1602 602 1691 languentis
620 1601 754 1691 vestigia
768 1603 992 1680 calciamentis,

259 1689 343 1764 Quae
358 1703 469 1754 texere
484 1702 555 1753 tuas
571 1691 748 1776 quondam,
760 1708 852 1775 pater
866 1692 988 1768 inclite,
1004 1689 1139 1775 plantas,

253 1776 343 1840 Dum
357 1775 597 1855 circundantur,
615 1799 692 1841 mox
707 1778 807 1844 noxia
825 1778 1052 1843 rnollificantur
1061 1805 1072 1855 3

257 1864 397 1929 Morbus
412 1863 560 1942 mitescit,
578 1886 691 1929 somno
705 1866 852 1951 placidus
868 1865 1058 1954 requiescit;

254 1953 391 2020 Somnos
406 1952 554 2039 interque
568 1975 624 2037 pes
640 1953 777 2039 palpitat
789 1955 857 2040 ejus
873 1968 1024 2041 uterque3

259 2039 343 2105 Hinc
359 2054 396 2106 ut
411 2054 518 2126 coepta
532 2040 616 2105 salus
632 2054 765 2107 cunctos
780 2056 980 2127 pertranseat
994 2053 1092 2120 artus,

257 2127 422 2213 Evigilans
436 2127 542 2208 laetus,
558 2151 651 2194 sacro
665 2129 876 2195 medicamine
898 2130 1008 2207 fretuS,

252 2217 327 2281 Jam
343 2228 454 2282 contra
468 2238 591 2282 morem
607 2215 666 2282 sibi
682 2218 781 2282 sensit
795 2219 899 2283 inesse
911 2218 1056 2306 vigorem
1070 2241 1078 2280 z

257 2305 417 2389 Surgebat
431 2305 546 2382 stabat,
563 2305 641 2383 ibat,
657 2305 831 2392 laudesque
846 2306 992 2383 sonabat,

254 2392 384 2457 Laudat
398 2392 584 2470 salvantem,
601 2406 633 2457 te
650 2395 746 2458 tantis
762 2395 1041 2478 magnificantem

256 2479 318 2558 Te,
335 2493 427 2566 pater
441 2478 584 2566 insignis,
602 2493 668 2544 tam
683 2480 792 2544 multis
805 2481 913 2546 inclite
928 2480 1036 2565 signis.

254 2565 323 2643 Qui
338 2565 399 2631 fuit
413 2567 529 2632 allatus
542 2565 627 2631 redit
641 2568 709 2652 ipse
724 2567 823 2653 pedes
839 2581 1020 2636 renovatus.

254 2653 320 2720 Fac
335 2654 433 2720 michi
447 2655 608 2732 virtutem,
621 2654 719 2720 michi
734 2656 941 2741 deposcendo
955 2657 1101 2732 salutem,

256 2742 380 2808 Mentis
400 2755 434 2809 et
457 2743 593 2824 infirma,
609 2765 731 2831 quaeso,
745 2758 855 2810 sancta
868 2765 966 2831 prece
976 2744 1079 2811 firma.

209 3103 325 3192 [CAP.
359 3101 629 3182 HVJ-Quod
646 3127 708 3189 per
726 3107 838 3189 pellem
868 3108 1040 3183 vitulinam,
1056 3127 1126 3190 quae
1151 3112 1186 3172 in

264 3192 377 3276 annulo
391 3195 522 3255 oratorii
535 3198 586 3256 sui
599 3195 826 3276 affiaafuerat
843 3196 933 3259 multi
945 3203 1016 3260 cunt
1027 3199 1138 3259 curati.

254 3415 338 3491 Quis
350 3435 417 3478 non
431 3414 565 3480 miretur
579 3414 668 3500 quod
683 3413 774 3499 pellis
790 3428 823 3480 et
837 3417 907 3503 ipsa
922 3416 1096 3482 medetur?

254 3503 353 3568 Sacra
367 3502 497 3589 quidem
512 3501 614 3588 pellis,
632 3502 723 3566 saevis
736 3502 863 3587 objecta
877 3505 1039 3589 procellis,

253 3588 349 3651 AEdis
365 3590 399 3652 in
415 3589 475 3654 hac
493 3605 584 3676 parte
600 3613 664 3676 qua
681 3590 848 3655 Christum
862 3613 1008 3675 poscere,
1026 3604 1144 3671 sancte,

251 3671 389 3738 Dudum
405 3677 547 3756 suevisti,
563 3700 698 3763 poscens
713 3690 747 3741 et
761 3679 973 3761 promeruisti.

255 3759 342 3823 Haec
357 3762 505 3845 equidem
522 3767 623 3851 pellis,
640 3763 744 3829 morbi
759 3765 918 3828 medicina
933 3766 1073 3842 misellis

256 3845 415 3911 Omnibus
431 3864 550 3931 optata,
567 3853 702 3939 largitur
716 3851 905 3936 particulata

246 3930 385 4017 Felgildi
402 3930 497 4011 dono,
515 3941 580 4023 qui,
597 3953 639 4015 te,
659 3939 846 4016 Cuthberte,
863 3952 1013 4024 patrono,

251 4020 301 4085 Ut
311 4019 366 4102 jus
381 4017 517 4098 heredis,
527 4027 595 4107 jam
610 4025 725 4089 tercius
740 4025 847 4089 incola
860 4026 953 4105 sedis,

253 4106 332 4172 Vita
346 4126 419 4173 cum
434 4119 523 4173 casta
538 4109 640 4174 tenuit
655 4123 711 4178 tna
726 4109 833 4176 dulcia
847 4125 963 4181 castra.
