2888 5018
529 434 639 487 REGIS
666 438 884 487 DEIRORUM.
1237 429 1282 493 41

144 603 295 694 privavit.
344 602 510 689 Parvoque
530 601 708 682 intervallo,
726 599 1035 685 gravibus'febribus
1052 603 1136 668 unde
1157 619 1287 670 venerat

149 696 306 762 Sanctum
332 690 493 755 Albanum
517 689 623 767 rediit,
649 688 738 776 quasi
767 689 909 752 locorum
947 690 1126 756 mutatione
1152 691 1288 757 febrium

148 793 261 868 posset
285 778 467 843 accessione
494 778 647 862 effugere.
672 795 674 799 ·
706 777 817 863 Ibique
837 799 895 861 per
913 776 993 840 duos
1008 800 1131 843 menses
1147 793 1180 844 et
1194 783 1288 847 semis

148 869 263 935 durius
290 867 450 944 detentus,
475 866 516 930 ad
541 878 688 930 extrema
709 863 891 950 pervenisse
914 864 1104 943 videbatur3
1127 891 1200 933 cum
1215 893 1289 934 ecce

153 959 293 1022 Sanctus
309 954 383 1018 Rex
397 971 432 1019 et
448 953 575 1040 Martyr
588 952 733 1018 Oswinus
749 951 782 1015 in
793 952 860 1016 viso
875 951 977 1017 astitit
986 953 1110 1019 mulieri
1118 956 1287 1041 religiosae,

149 1045 184 1109 in
206 1042 323 1128 aegroti
344 1041 519 1106 ministerio
541 1053 652 1105 noctes
676 1041 806 1104 ducenti
829 1039 998 1119 insomnes,
1016 1065 1160 1129 quaerens
1183 1047 1224 1110 ab
1239 1047 1288 1124 etl,

151 1144 175 1175 “
188 1132 342 1208 Putasne,
368 1130 493 1208 mulier,
518 1128 758 1192 dissolutionem
783 1128 922 1213 corporis
945 1129 1020 1193 buic
1043 1145 1166 1215 aegroto
1189 1132 1291 1197 immi-

148 1242 228 1286 nere
243 1220 280 1285 '1³⁹'
348 1227 370 1260 ‘⁶
398 1217 533 1304 Utique,
564 1215 705 1294 domine,
737 1215 897 1294 domine,’'
926 1218 1101 1302 respoudit,
1135 1221 1292 1287 “Omnia

151 1308 278 1396 quippe,
301 1307 413 1370 mortis
439 1305 529 1390 signa
554 1316 748 1368 concurrunt
777 1303 810 1366 in
835 1305 904 1368 eo.''
952 1305 1004 1368 Ad
1024 1329 1119 1393 quam
1146 1309 1292 1373 Sanctus.

153 1396 237 1462 “Et
252 1417 351 1482 quare
366 1393 411 1457 sic
433 1391 710 1458 irremediabiliter
732 1403 919 1478 torqueatur
933 1393 1016 1456 nbsti
1028 1394 1063 1458 ?”
1108 1395 1292 1461 “Minime''

153 1484 199 1550 ait
225 1481 418 1547 “domine”
466 1479 595 1554 “Quia
616 1479 702 1564 apud
718 1478 981 1569 Tynemudthanr
998 1481 1194 1563 columbam,
1220 1508 1293 1572 quae

155 1572 199 1638 ad
212 1570 334 1636 tumbae
350 1591 431 1634 meae
446 1567 604 1652 refugium
616 1566 813 1652 confugerat,
829 1565 984 1632 violenter
998 1568 1043 1633 ibi
1058 1570 1185 1651 occidit,
1197 1586 1231 1637 et
1245 1597 1295 1638 as·

156 1660 307 1747 portavit.
355 1658 427 1745 Ego
451 1656 537 1721 enim
562 1678 633 1719 sum
661 1656 795 1720 Sanctus
826 1653 982 1735 Oswinus,
1006 1657 1060 1745 qui
1083 1660 1168 1744 apud
1185 1661 1295 1749 Tyne-

158 1746 324 1813 mudtham
335 1744 533 1832 requiescere
549 1742 707 1808 dinoscor.
756 1743 820 1808 Sed
834 1741 860 1805 si
872 1745 1092 1811 convalescere
1108 1749 1244 1814 voluerit
1254 1751 1295 1816 de

156 1835 247 1901 febre
262 1834 326 1921 qua
340 1833 475 1911 laborat,
491 1830 654 1917 resipiscat
669 1831 710 1896 de
725 1833 918 1917 praesumpta
936 1833 1114 1899 temeritate
1128 1859 1136 1912 3
1160 1849 1193 1900 et
1209 1839 1296 1902 veni-

156 1946 214 1991 ens
241 1921 285 1987 ad
305 1922 446 1986 tumbam
471 1943 586 1997 meam,
614 1922 703 2007 cujus
733 1919 863 1983 violavit
893 1943 1013 2005 pacem,
1045 1921 1297 2007 indignationem

155 2033 263 2077 meam
277 2022 385 2075 arceat
399 2009 462 2073 ase
478 2007 636 2091 condigna
649 2006 892 2071 satisfactione.”
939 2008 1021 2092 Haec
1036 2009 1142 2074 dicens
1163 2012 1297 2077 Sanctus

157 2099 327 2184 disparuit,
344 2110 377 2162 et
395 2095 509 2160 mulier
531 2094 757 2180 expergefacta
778 2094 942 2178 languenti
959 2096 1072 2182 juveni
1088 2097 1239 2164 visionem
1254 2124 1297 2166 ex

157 2187 273 2254 ordine
296 2185 418 2250 retulit.
472 2183 544 2258 >Qui
569 2183 676 2246 statim
700 2183 741 2247 de
763 2182 931 2247 commisso
952 2184 1120 2269 poenitens,
1145 2187 1186 2251 de
1208 2189 1299 2254 satis·

158 2276 301 2341 factione
335 2274 454 2338 Sancto
480 2270 618 2358 Martyri
643 2270 787 2335 facienda
816 2270 976 2336 humiliter
1006 2275 1232 2360 compromisit,
1264 2296 1298 2343 et

158 2362 257 2430 febris
284 2384 359 2427 eum
388 2360 541 2426 continno
566 2358 705 2446 reliquit.
779 2360 881 2424 Sanus
911 2361 1053 2440 effectuS,
1085 2365 1299 2448 promissionis

160 2454 330 2517 immemor
345 2450 396 2514 vel
412 2447 635 2525 dissimulator,
652 2446 834 2512 executioni
856 2449 1007 2514 mandare
1030 2453 1174 2535 neglexit
1189 2468 1300 2518 votum

186 2539 251 2604 nod
266 2537 365 2603 vovit.
429 2536 493 2611 Qui
509 2536 623 2600 iterum
638 2537 752 2600 morbo
771 2556 947 2621 correptus,
965 2537 997 2602 in
1012 2538 1199 2627 languorem
1215 2543 1301 2607 deci-

188 2632 234 2704 't3
266 2639 299 2691 et
320 2639 483 2711 postremo
507 2646 621 2689 cancer
646 2647 774 2708 serpens
799 2624 962 2708 superiora
987 2626 1055 2710 ejus
1071 2630 1249 2713 occupavit,
1266 2644 1300 2695 et

163 2715 294 2781 oculum
314 2715 403 2799 cujus
427 2712 496 2776 visu
523 2712 609 2797 apud
637 2711 897 2797 Tynemuntham
916 2713 1056 2795 privatus
1078 2730 1137 2792 est,
1158 2716 1178 2779 a
1196 2717 1301 2801 capite

164 2805 233 2889 ejus
247 2802 373 2867 evulsit.
430 2801 475 2866 Et
493 2801 538 2863 sic
553 2799 706 2884 paulatim
721 2798 883 2876 deficiens,
905 2799 947 2862 ad
970 2815 1115 2865 extrema
1129 2803 1302 2887 perductus

164 2904 211 2958 est
216 2915 226 2968 3
242 2903 276 2955 et
291 2889 344 2977 qui
357 2890 460 2954 noluit
475 2910 547 2952 cum
559 2899 676 2972 posset,
689 2886 785 2970 coepit
800 2885 883 2949 velle
898 2909 971 2950 cum
985 2910 1049 2951 non
1061 2903 1167 2973 posset
1184 2892 1304 2956 Sancto

169 2978 300 3060 Oswino
321 2976 511 3043 satisfacere.
558 2974 664 3060 Hujus
690 2973 833 3038 miraculi
859 2973 986 3040 auditor
1010 2977 1165 3057 attendat,
1183 2981 1303 3066 quanta

166 3065 439 3133 animadversione
450 3066 585 3130 Sanctus
603 3061 747 3126 Oswinus
760 3062 947 3128 exardescat
959 3063 992 3127 in
1007 3088 1073 3142 eos,
1090 3067 1144 3153 qui
1159 3067 1303 3132 homines

166 3155 209 3220 ad
223 3177 312 3220 suam
328 3176 439 3239 pacem
465 3150 685 3235 confugientes
707 3151 890 3229 exturbant,
907 3153 961 3237 qui
982 3153 1078 3218 etiam
1094 3155 1255 3220 volucrem
1270 3158 1304 3220 in

167 3266 227 3309 suo
238 3242 387 3330 praesidio
403 3241 444 3305 de
460 3239 566 3304 medio
581 3239 748 3317 sublatam,
766 3240 854 3304 tanta
864 3239 1036 3306 vindicavit
1051 3242 1261 3309 districtione.

170 3505 268 3573 CAP.
293 3504 661 3582 XXVIII.-Quomodo
684 3505 801 3579 mulier,
825 3506 862 3568 de
883 3507 1014 3571 sanante
1027 3528 1085 3589 per
1098 3530 1166 3574 enm
1188 3512 1306 3594 recepta

257 3597 382 3676 ingrata
405 3602 435 3656 et
456 3594 624 3668 incredula,
650 3596 758 3655 iterum
782 3601 828 3654 est
851 3594 1035 3676 infirmam
1058 3600 1111 3661 sed
1134 3602 1258 3664 credens
1279 3607 1309 3663 et

255 3683 416 3765 confidens,
432 3700 502 3744 mon
515 3682 676 3743 sant'tatem
690 3681 813 3759 recepit.

219 3856 258 3921 In
276 3855 406 3920 civitate
421 3853 584 3931 Dunelmi,
599 3854 747 3941 quaedam
767 3853 862 3919 vidua
879 3855 1000 3922 sontica
1014 3858 1162 3926 laborans
1177 3861 1308 3950 aegritu·

173 3943 249 4008 dine
275 3945 308 4006 in
331 3943 450 4007 lectulo
476 3965 535 4006 suo
561 3941 733 4020 decubans,
761 3955 794 4005 et
814 3942 886 4008 ¹fere
913 3944 1091 4030 desperata,
1115 3950 1244 4013 tandem
1266 3950 1307 4013 ad

177 4032 330 4096 Sanctum
356 4030 480 4114 Regem
503 4043 537 4095 et
561 4030 739 4117 Martyrem
766 4029 931 4096 Oswinum
952 4056 1106 4100 conversa
1127 4051 1186 4114 est,
1210 4051 1244 4100 et
1267 4036 1308 4101 de

173 4120 242 4205 'ejus
256 4118 459 4183 miseratione
474 4118 611 4182 multum
625 4118 755 4182 confisa.
795 4119 942 4185 Tandem
954 4135 1063 4188 votum
1075 4124 1162 4187 vovit
1178 4124 1308 4202 Sancto,

173 4219 207 4272 et
222 4205 349 4272 sanitati
365 4220 484 4291 optatae
500 4207 647 4271 restituta
662 4219 709 4271 est
724 4207 886 4272 continuo.
931 4211 1217 4297 Appropinquante
1233 4235 1310 4276 vero

179 4295 289 4360 Sancti
307 4293 406 4379 Regis
425 4293 582 4379 passione,
599 4294 713 4360 mulier
728 4294 769 4359 ad
788 4295 975 4362 solvendum
991 4312 1099 4362 votum
1116 4321 1150 4362 se
1165 4298 1312 4385 accinge-

174 4383 254 4456 bat;
277 4400 311 4447 et
330 4381 439 4446 Sancti
453 4382 639 4447 memoriam
654 4383 742 4447 adire
758 4382 960 4469 disponebat.
1002 4386 1044 4450 Et
1059 4407 1133 4449 ecce
1148 4386 1255 4474 aliqua
1270 4389 1310 4454 de

174 4469 284 4535 vicinis
303 4468 366 4535 suis
386 4491 540 4554 organum
559 4470 708 4538 Sathanae
727 4471 884 4559 suggessit
899 4472 939 4554 ei,
956 4496 1020 4539 non
1035 4473 1154 4540 meritis
1169 4489 1312 4544 curatam
