2888 5018
451 443 561 492 nnsis
589 445 811 493 numanum.
1163 428 1212 500 19

55 603 184 687 praefati
202 602 337 667 Comitis
354 625 447 680 uxor,
462 604 481 667 J
485 603 575 668 udith
590 604 730 682 nomine,
747 603 891 689 pontifici
907 604 949 667 ad
961 603 1127 668 ecclesiam
1137 605 1206 689 jam

53 689 242 774 properanti
265 702 390 753 secreto
410 690 589 768 mandaret,
606 691 755 778 quatinus
770 691 807 768 si,
825 691 965 755 donante
981 690 1068 767 Deo,
1089 712 1206 774 corpus

59 776 172 840 Sancti
197 775 351 862 Martyris
381 799 453 840 enm
482 776 625 841 invenire
655 779 867 867 contingeret,
890 777 1204 864 quantulamcunque

56 863 237 947 portionem
252 861 327 927 inde
343 885 401 948 pro
413 864 638 929 benedictione
653 879 841 942 reservaret,
859 877 895 929 ut
910 864 985 950 quia
999 885 1059 948 pro
1074 886 1132 928 suo
1148 863 1205 928 de·

57 950 176 1016 siderio
196 972 349 1014 unacum
372 948 440 1013 aliis
464 973 603 1050 praesens
619 975 688 1016 esse
704 975 768 1015 non
784 965 922 1036 poterat,
939 951 1073 1015 haberet
1089 950 1203 1014 saltem

55 1036 145 1121 quod
159 1059 218 1123 pro
233 1059 343 1102 amore
363 1037 472 1100 Sancti
488 1037 693 1122 postmodum
705 1038 850 1103 venerari
865 1037 1032 1123 potuisset.
1095 1037 1205 1100 Vene-

55 1122 164 1186 rabilis
186 1122 285 1208 rgitur
312 1121 499 1208 Episcopus,
518 1146 595 1187 cum
606 1124 850 1189 sacratissimum
874 1146 988 1209 corpus
1004 1124 1138 1188 abluens
1161 1124 1204 1187 ad

55 1222 153 1294 caput
179 1209 388 1294 pervenisset,
413 1209 540 1291 devotae
566 1211 730 1296 petitionis
748 1211 928 1277 Comitissae
944 1233 1009 1274 non
1024 1210 1202 1286 immemor,

55 1295 98 1360 de
121 1296 242 1383 capillis
264 1308 375 1360 sancto
398 1296 509 1360 vertici
531 1297 781 1375 adhaerentibus,
798 1297 848 1382 pie
864 1319 1069 1382 praesumens,
1085 1318 1204 1380 paucos

55 1386 202 1468 accepit3
226 1407 306 1469 quos
331 1383 436 1448 cidem
465 1384 590 1448 mulieri
620 1399 731 1469 postea
760 1385 905 1461 daturus,
931 1383 1034 1447 donec
1065 1382 1205 1446 officium

55 1470 283 1555 compleretur,
308 1470 513 1547 devotissime
535 1471 713 1555 recollegit.
732 1472 869 1535 Peracto
892 1473 1000 1570 itaque
1017 1469 1203 1546 ministerio,

59 1555 239 1641 Episcopus
261 1570 335 1642 post
360 1558 497 1641 psalmos
524 1573 557 1622 et
581 1558 714 1622 letanias
741 1557 962 1642 Omnipoteutr
986 1557 1060 1621 Deo
1086 1555 1205 1645 gratias

57 1666 169 1727 egem,
194 1644 413 1731 populumque
436 1644 694 1709 circumstantem
716 1644 920 1722 benedicens,
945 1644 1076 1728 capillos
1100 1642 1202 1707 sancti

59 1730 184 1815 capitis,
209 1731 296 1818 quod
311 1753 474 1817 nunquam
496 1731 738 1816 inpinguaterat
760 1731 936 1816 peccatoris
952 1730 1070 1808 oleum,
1087 1730 1205 1794 disces-

60 1840 151 1880 surus
167 1817 309 1896 abstulit,
327 1841 407 1904 quos
422 1817 602 1883 Comitissae
617 1820 661 1882 nil
684 1818 771 1882 aliud
786 1841 980 1902 magnopere
996 1816 1202 1892 desideranti,

58 1904 231 1968 adventum
257 1928 295 1969 ue
307 1928 398 1968 suum
411 1905 471 1968 hac
481 1905 522 1968 de
534 1907 629 1969 causa
637 1903 770 1969 sollicite
781 1903 1204 1988 proestolanti,congaudens

59 1991 179 2055 attulit.
229 1928 320 2065 Suos
335 1993 458 2056 summa
472 2015 545 2056 cum
557 1992 728 2057 devotione
741 2007 774 2055 et
790 1991 901 2055 debita
917 1990 1122 2055 veneratione
1138 2011 1206 2052 sus-

60 2077 190 2163 cipiens,
208 2080 328 2166 quanta
351 2078 463 2142 laetitia
481 2078 624 2163 gestierit
644 2091 842 2164 quantasque
861 2078 933 2142 Deo
952 2077 1069 2162 gratias
1090 2075 1204 2160 egerit,

59 2177 279 2252 quantumque
294 2164 495 2230 lacrimarum
516 2166 630 2230 mulier
644 2167 764 2229 devota
774 2188 841 2249 prae
856 2165 976 2248 gaudio
991 2164 1121 2241 fuderit,
1135 2162 1206 2250 quis

61 2275 200 2338 unquam
221 2251 403 2317 mortalium
427 2253 537 2337 lingua
559 2277 615 2317 seu
643 2253 765 2317 calamo
787 2252 949 2337 explicare
973 2251 1103 2335 poterit.
1163 2251 1207 2314 Et

60 2339 136 2425 quia
157 2342 252 2426 juxta
277 2339 370 2403 Pauli
392 2347 515 2417 vuce'm,
542 2341 677 2405 “Fides
701 2352 748 2403 est
773 2339 1001 2424 sperandarum
1026 2337 1207 2404 substantia

60 2449 179 2503 rerum,
196 2440 419 2510 argumentum
434 2450 498 2491 non
514 2428 756 2511 apparentum,’'
773 2426 928 2511 praedicta
942 2425 1056 2490 mulier
1074 2425 1205 2510 capillos

66 2513 176 2578 Sancti
201 2515 290 2578 nullo
313 2515 385 2579 loco
408 2515 577 2592 conclusit,
603 2516 660 2578 sed
688 2513 768 2599 ignis
797 2513 988 2598 purgatione
1012 2513 1098 2598 prius
1133 2536 1207 2598 pro-

61 2601 138 2665 bare
165 2600 332 2686 disposuit,
357 2624 421 2665 non
449 2615 485 2665 ut
511 2601 544 2664 in
574 2603 680 2690 aliquo
707 2603 748 2666 de
779 2600 852 2686 ipsis
883 2601 1057 2677 dubitaret,
1086 2601 1143 2664 sed
1170 2613 1207 2662 ut

63 2686 217 2773 Martyris
240 2689 391 2751 meritum
407 2688 611 2752 circumcirca
625 2712 683 2773 per
697 2690 759 2753 hoc
774 2688 868 2753 latius
873 2732 1154 2754 ....................
1155 2699 1206 2750 rat

62 2774 148 2838 enim
169 2775 210 2838 de
234 2775 350 2838 talibus
373 2775 537 2859 scriptum,
565 2777 644 2840 “Et
670 2775 802 2861 capillus
825 2775 866 2839 de
890 2775 994 2860 capite
1018 2787 1125 2837 vestro
1141 2794 1207 2835 non

61 2860 209 2945 peribit.”
259 2861 443 2944 Obenigna
458 2863 631 2939 temeritas,
648 2875 682 2926 et
704 2863 875 2927 temeraria
888 2860 1087 2945 benignitasl
1135 2857 1207 2923 Nec

63 2971 165 3011 mora.
215 2947 375 3011 Acceusus
391 2961 439 3011 est
455 2948 563 3033 itaque
580 2949 726 3033 copiosus
747 2949 829 3033 ignis
845 2951 877 3013 in
892 2951 986 3026 atrio,
1004 2961 1037 3012 et
1053 2945 1208 3032 impositis

63 3035 166 3118 ignito
189 3032 281 3098 lateri
304 3034 435 3120 capillis
460 3036 502 3098 ab
525 3035 672 3100 omnibus
695 3037 886 3100 unanimiter
901 3036 943 3100 ad
967 3037 1073 3100 Deum
1090 3033 1208 3098 devote

64 3121 209 3202 funditur
231 3121 346 3186 oratio.
393 3121 480 3186 Mira
502 3146 563 3186 res.
611 3123 667 3186 Nil
689 3124 806 3210 quippe
823 3124 915 3188 citius
930 3123 996 3208 pilo
1012 3122 1090 3207 ignis
1107 3122 1208 3186 odore

63 3209 269 3287 consumitur,
287 3223 322 3274 et
337 3223 444 3274 tamen
459 3209 615 3274 immissus
627 3211 644 3276 *a
656 3211 801 3276 fervente
813 3211 954 3297 undique
968 3209 1114 3274 incendio
1127 3208 1208 3294 pilus

63 3319 128 3359 non
143 3296 281 3360 laeditur.
331 3298 456 3362 Omira
470 3320 575 3360 rerum
592 3299 777 3363 conversio!
825 3297 941 3383 Neque
957 3297 1041 3360 enim
1057 3297 1137 3383 ignis
1153 3296 1211 3359 de-

63 3383 191 3448 ficiente
205 3384 339 3449 materia
350 3385 553 3469 frigescebat,
568 3385 625 3448 sed
636 3389 745 3471 potius
761 3385 877 3470 injecta
886 3385 1044 3468 lignorum
1060 3383 1209 3467 congerie

63 3471 163 3555 magis
187 3494 223 3535 ac
246 3472 347 3555 magis
374 3472 615 3536 exardescebat.
672 3473 760 3546 Quid
781 3495 859 3556 ergo
875 3470 1210 3555 dicemus-capillum

64 3557 199 3621 durioris
215 3558 401 3622 substantiae
419 3558 571 3623 virtutem
585 3560 799 3645 assumpsisse,
817 3581 858 3622 an
877 3559 983 3640 ignem
998 3580 1065 3621 suae
1085 3571 1209 3621 naturae

65 3645 179 3709 ardore
202 3645 369 3710 caruisse?
391 3645 532 3710 minime,
582 3648 647 3711 Sed
668 3647 723 3732 qui
747 3660 811 3710 tres
826 3668 943 3730 pueros
960 3644 1085 3709 camino
1104 3645 1234 3730 Baby-⁷

65 3732 144 3796 lonis
168 3755 261 3796 sanos
286 3748 319 3796 et
343 3732 517 3797 incolumes
542 3733 689 3798 incedere
711 3733 798 3810 fecit,
823 3734 889 3817 ipse
903 3732 1007 3797 fidelis
1023 3734 1071 3795 sui
1094 3733 1211 3795 merito

64 3819 192 3903 capillos
215 3821 256 3884 ab
279 3819 353 3903 igne
376 3820 530 3904 protexit.
593 3821 765 3886 Comitissa
784 3843 912 3907 quoque
928 3820 974 3884 rei
990 3818 1222 3903 magnitudine¹

64 3906 243 3990 perterrita,
267 3907 337 3970 solo
366 3907 579 3992 prosternitur
591 3932 600 3983 ;
624 3907 861 3994 lacrimosisque
883 3906 1073 3991 singultibus
1101 3904 1211 3968 Deum

70 3993 285 4080 Sanctumque
313 3993 494 4080 Martyrem
523 3993 642 4059 diutius
673 4016 820 4071 exorans,
852 3995 1045 4081 quandoque
1073 4006 1211 4054 tremens

66 4079 212 4163 erigitur.
260 4080 418 4164 Represso
437 4080 544 4168 itaque
566 4081 728 4158 incendic,
745 4081 893 4165 populus,
913 4081 968 4167 qui
984 4089 1210 4153 convenerant,

69 4164 334 4250 Omnipotentem
358 4168 465 4232 Deum
480 4167 658 4232 mirabilem
680 4167 713 4230 in
740 4166 863 4231 Sanctis
879 4168 943 4230 suis
965 4163 1152 4251 praedicans,
1170 4164 1212 4229 ad

66 4253 195 4338 propria
217 4253 322 4317 rediit.
386 4255 585 4319 Venerabilis
608 4277 686 4320 vero
709 4253 828 4318 femina
846 4255 976 4339 capillos
996 4247 1104 4314 Sancti
1122 4248 1212 4315 Mar-

64 4341 144 4424 tyris
168 4340 209 4403 de
232 4340 305 4404 loco
328 4341 467 4406 incendii
491 4343 645 4420 sublatos,
662 4343 695 4406 in
723 4363 807 4404 novo
830 4341 944 4405 locello
968 4358 1062 4425 quem
1086 4335 1212 4403 adhoc

608 4436 665 4494 na
