2888 5018
557 384 795 438 CUTHBERTI·

241 549 378 617 Fercula
393 559 587 628 sanctorum,
604 549 734 614 firmum
748 545 914 613 munimen
928 567 1056 625 eorum,

244 640 336 705 Dans
351 637 463 704 laudes
478 637 588 715 almas,
605 635 743 702 sustollis
756 635 797 698 ad
813 635 936 700 aethera
950 634 1002 720 pal
1009 657 1089 712 mas,

245 727 372 792 Palmas
387 738 421 790 et
436 725 571 803 vultum,
588 724 726 799 sitiendo
742 721 854 788 caelica
867 722 1016 801 multum,

245 817 299 881 Sic
314 814 398 879 inter
413 812 527 878 laudes
542 812 715 878 ascendere
731 810 837 876 sidera
850 811 982 895 gaudes3

247 901 402 968 Gaudetis
418 899 540 978 ditaris,
557 898 684 964 deitatis
700 899 741 964 ab
757 921 814 964 ore
828 898 945 977 bearis,

247 992 505 1075 sanctorumque
520 986 637 1052 chorus
653 985 710 1053 tibi
733 985 858 1072 plaudit
872 985 970 1052 laude
986 1008 1134 1052 canorus.

247 1077 280 1142 Ο
294 1077 301 1141 l
328 1076 379 1142 cui
396 1076 532 1142 coelestis
544 1074 630 1140 canit
643 1074 748 1163 ymnis
760 1072 874 1138 concio
888 1074 987 1155 festis,

251 1164 377 1231 Ultima
392 1164 564 1229 verborum
579 1163 629 1227 fac
645 1185 696 1227 me
711 1183 839 1227 servare
854 1174 1006 1227 tuorum:

249 1253 325 1332 Fac,
341 1255 405 1338 pie,
422 1253 483 1329 fac,
500 1252 642 1337 inquam,
660 1265 716 1315 tua
730 1272 797 1313 non
813 1259 850 1313 ut
864 1249 952 1315 dicta
966 1249 1157 1337 relinquam,

252 1341 301 1405 Ut
312 1342 382 1426 jam
396 1351 471 1426 post
485 1338 586 1404 letum
598 1358 733 1402 nroerear
747 1348 803 1402 tua
817 1336 937 1425 gaudia
952 1349 1072 1402 tecum.

210 1650 1181 1757 [CAP.XXXIX.]-QnodcorpusipsiuaudLindiafltmen-

337 1775 400 1819 sem
423 1755 578 1819 ecclesium
601 1755 734 1818 delatum
749 1756 784 1817 in
797 1775 834 1817 ea
849 1755 997 1836 septenum
1011 1757 1062 1818 ait.

255 1979 341 2043 Tum
356 2001 484 2042 sacrum
499 1977 606 2055 funus,
624 1976 747 2039 mundo
762 1974 947 2040 venerabile
962 1998 1086 2056 munus,

254 2067 447 2152 Impositum
462 2064 535 2128 navi
551 2062 722 2127 deducitur
737 2084 866 2148 aequore
882 2064 982 2132 suavi.

256 2153 537 2217 Lindisfarnenses
553 2161 728 2214 occurrunt
742 2151 847 2228 litore,
864 2150 990 2229 flenteS,

256 2240 498 2325 Excipiuntque
513 2237 617 2302 choris
633 2237 714 2301 illud
730 2237 925 2302 celebrando
941 2239 1082 2305 sonoris:

259 2330 361 2414 Inque
376 2326 454 2390 locis
471 2324 566 2390 sacris
578 2324 723 2390 condunt
737 2325 924 2389 memoralia
938 2326 1048 2412 patris.

258 2417 345 2480 Haec
360 2415 393 2477 in
408 2410 561 2491 cancello,
578 2414 704 2499 petrino
720 2412 827 2478 clausa
841 2411 966 2491 loce110‚

259 2506 404 2581 Servant,
421 2501 581 2579 laetantur,
599 2501 867 2586 complectuntur,
883 2514 1098 2567 venerantur:

257 2593 392 2657 Servant
408 2589 605 2667 thesaurum,
622 2612 688 2675 quo
703 2587 795 2654 vilius
807 2601 898 2654 extat
913 2601 947 2653 et
961 2611 1083 2654 aurum.

262 2678 441 2763 Splendens
456 2697 584 2765 gemma
598 2677 676 2762 poli,
692 2699 773 2761 rogo
789 2692 820 2740 te
836 2698 888 2739 me
903 2698 1052 2762 spernere
1068 2677 1155 2750 noli3

264 2767 294 2830 A
310 2766 414 2830 carnis
431 2765 509 2829 tabo
522 2785 584 2842 me,
601 2776 633 2827 tc
649 2763 798 2840 faciente,
811 2762 945 2838 lavab03

260 2853 411 2918 Moribus
426 2866 463 2916 ut
477 2853 572 2917 castis
587 2873 649 2936 ego
664 2849 769 2916 vivam
786 2848 914 2914 deditus
929 2847 1032 2916 astris.

217 3171 333 3255 [CAP.
346 3169 440 3251 XL.]
454 3170 610 3250 Qumnodo
616 3188 698 3251 puer
707 3169 911 3235 demoniacus
919 3169 1069 3248 aitlumo,
1080 3175 1134 3238 cui
1141 3174 1188 3237 la·

218 3279 344 3324 vacrum
357 3261 497 3341 emporia
511 3258 576 3341 ey'ut
591 3257 791 3409 ἐπίπεαῖηωεει,
801 3260 836 3322 in
850 3277 965 3342 aquam
973 3261 1080 3336 missa,
1095 3280 1189 3325 auna-

266 3569 426 3636 Daemone
441 3579 577 3634 vexatus
592 3589 674 3653 puer
689 3568 859 3653 experiens
874 3567 1043 3645 cruciatus,

267 3656 383 3722 Emisit
397 3677 503 3734 voces,
521 3668 658 3741 cogente
672 3654 792 3734 furore,
808 3654 931 3718 feroces
945 3679 953 3718 ε

267 3744 426 3808 Funditus
442 3745 511 3830 ipse
525 3744 619 3808 bonis
634 3745 777 3830 privatus
792 3755 863 3806 erat
878 3743 1029 3819 rationis3

271 3830 437 3932 Quicquid
452 3843 508 3895 tan
533 3833 608 3896 ebat
623 3853 731 3896 morsu
747 3831 890 3895 lacerans
906 3831 1084 3898 minuebat.

270 3919 432 3985 Presbrter
446 3855 582 3997 ustulat,
599 3919 657 3985 sed
672 3918 718 3983 nil
732 3918 854 3983 orando
870 3917 1016 4000 juvabat.

268 4007 324 4070 Ad
338 4008 410 4072 loca
424 4020 605 4073 sanctarum
616 4006 792 4094 perductus
806 4003 1027 4092 relliquiarum

271 4093 344 4159 Nec
360 4095 404 4159 sic
420 4108 562 4174 sanatur,
579 4095 637 4160 sed
652 4095 757 4158 honor
772 4105 847 4159 tuus
858 4093 934 4157 hinc
949 4091 1138 4168 cumulatur,

274 4181 364 4247 Dum
380 4203 438 4266 per
453 4197 485 4247 te
500 4183 653 4249 reducem
668 4180 790 4267 recipit,
811 4181 1002 4257 Cuthberte‚
1017 4178 1162 4243 salutem.

273 4268 416 4347 Quidam
430 4269 554 4356 limpha
569 4267 651 4337 sacri
665 4271 771 4335 fuerat
785 4289 859 4357 quae
873 4268 944 4333 fusa
958 4264 1086 4344 lavacri,

277 4355 362 4434 Quae
377 4376 496 4447 corpus
512 4368 659 4430 sanetum
674 4355 839 4450 quondam
854 4352 932 4429 lavit
946 4348 1186 4424 tumulandum:
