2888 5018
462 424 573 473 REGIS
602 422 821 474 DEIRORUM.

208 671 308 736 cAP.
332 669 712 823 ΧΧΧῙΙῙμ-ῗῖοῑῖιεὸὶἑιὲ
727 691 798 756 quae
806 674 904 758 flucre
917 674 1077 754 sanguinis

559 782 579 822 a
635 782 656 823 a
714 806 721 822 .

105 930 181 1016 Ipsa
193 929 289 995 etiam
304 928 357 993 die
369 927 403 991 in
418 929 562 1016 ejusdem
574 929 677 993 missae
688 929 902 1008 solemnitate,
915 929 1046 1016 quidam
1060 931 1209 1016 Rogerus

51 1019 99 1084 de
118 1016 399 1094 Mrdleschirtune,
413 1037 487 1079 cum
501 1016 567 1081 filia
582 1016 674 1081 unica
688 1017 812 1094 aderat,
826 1039 899 1104 quae
914 1017 1021 1081 multis
1037 1018 1208 1104 praeteritis

51 1104 148 1171 annis
158 1105 191 1168 in
202 1105 291 1168 fluxu
305 1101 465 1186 sanguinis
481 1103 695 1169 laboraverat.
738 1104 821 1178 Quae
831 1126 904 1168 cum
917 1116 991 1169 ante
1003 1105 1208 1191 sepulchrum

57 1192 174 1257 Sancti
197 1191 351 1276 Martyris
369 1190 504 1274 jaceret,
525 1203 559 1254 et
582 1194 649 1278 ejus
672 1190 859 1276 imploraret
881 1191 1047 1271 auxilium,
1071 1193 1206 1277 repente

52 1277 158 1365 coepit
178 1277 340 1364 conqueri,
361 1276 494 1354 anxiari,
515 1300 610 1342 voces
635 1301 674 1342 ue
693 1277 887 1342 miserandas
907 1278 1063 1343 emittere.
1113 1278 1207 1342 Erat·

53 1389 123 1454 que
144 1362 323 1429 miserabile
345 1364 564 1448 spectaculum
578 1301 761 1428 videntibus
776 1385 856 1428 eam.
892 1365 996 1428 Voces
1013 1365 1109 1443 enim,
1127 1387 1206 1452 quas

54 1452 239 1528 emittebat,
256 1450 383 1515 interim
399 1450 494 1515 animi
510 1451 694 1515 indicabant
715 1450 868 1515 dolorem.
917 1449 1033 1539 Neque
1055 1454 1140 1516 enim
1155 1451 1208 1515 vel

55 1540 126 1604 una
139 1539 220 1604 hond
234 1537 266 1601 in
283 1537 427 1625 qualibet
449 1551 541 1622 parte
557 1537 722 1624 quiescere
744 1550 882 1622 poterat.
931 1537 1016 1602 Nam
1032 1538 1058 1602 si
1073 1538 1210 1603 dextera

55 1639 152 1712 parte
167 1649 201 1690 se
216 1636 368 1702 verteret,
386 1626 544 1688 continuo
554 1625 595 1688 ad
610 1624 769 1688 sinistram
786 1623 1003 1708 impingebam
1020 1639 1052 1690 et
1068 1625 1115 1690 ita
1129 1647 1210 1713 quo·

57 1735 198 1799 cumque
211 1735 244 1776 se
257 1713 415 1789 vertebat,
429 1713 517 1798 quasi
533 1711 677 1776 violentis
693 1710 858 1775 hominum
870 1713 1015 1776 manibus
1026 1714 1208 1798 agitabatur

57 1799 221 1865 aliorsum.
269 1800 417 1884 Cumque
428 1798 495 1882 jam
512 1800 594 1883 pene
611 1798 721 1863 dolore
738 1797 879 1883 corporis
896 1810 928 1862 et
944 1800 1107 1865 anxietate
1121 1800 1207 1863 vocis

58 1886 224 1964 deficeret,
242 1885 372 1950 tandem
395 1885 646 1950 meritisSancti
671 1885 825 1971 Martyris
847 1885 1010 1970 paulisper
1025 1884 1156 1973 quievit,
1174 1897 1208 1948 et

58 1982 136 2040 mox'
153 1972 273 2059 populo
288 1972 343 2059 qui
364 1971 488 2049 aderat,
505 1994 539 2036 se
555 1971 750 2036 sanissimam
766 1971 914 2036 effectam
930 1971 1091 2036 indicavit.
1140 1972 1210 2035 Sic-

59 2083 126 2148 que
142 2059 278 2125 sanitate
293 2061 433 2144 recepta,
446 2059 521 2123 Deo
537 2073 569 2123 et
590 2060 716 2122 Sancto
726 2057 865 2144 Martyri
882 2057 999 2142 gratias
1015 2080 1122 2142 agens,
1137 2078 1211 2122 cum

62 2161 157 2233 patre
174 2159 208 2212 et
223 2146 349 2210 caeteris
365 2145 553 2231 parentibus
568 2144 735 2209 incolumis
751 2145 793 2208 ad
812 2145 940 2230 propria
956 2146 1120 2210 remeavit.

297 2402 396 2470 CAP.
420 2404 526 2468 XXX
528 2397 559 2468 V
557 2406 706 2470 II.·-De
720 2407 811 2470 surdo
825 2408 968 2490 quodam.

110 2579 200 2644 Infra
214 2601 291 2644 vero
306 2579 389 2643 hanc
405 2579 651 2658 solemnitatem,
669 2579 756 2644 aliud
769 2579 948 2664 jocundum
964 2591 998 2642 et
1013 2579 1210 2644 audiendum

60 2666 253 2751 delectabile
282 2666 417 2750 contigit
442 2666 640 2730 miraculum.
704 2666 831 2750 Pauper
857 2666 977 2731 etenim
1008 2666 1139 2752 quidam
1169 2667 1210 2729 de

63 2753 262 2839 Togisdene,
275 2775 348 2817 cum
360 2753 484 2817 caeteris
497 2754 551 2840 qui
564 2753 722 2818 medelam
738 2754 925 2840 quaerebant
937 2751 1089 2836 corporis,
1104 2751 1210 2815 eidem

63 2841 262 2906 solemnitati
285 2840 434 2907 occurrit.
484 2841 563 2904 Erat
587 2854 696 2904 autem
719 2839 846 2917 surdae,
864 2852 897 2903 et
921 2860 964 2902 ex
987 2836 1095 2901 multis
1119 2835 1210 2901 annis

62 2942 270 3014 utrarumque
286 2927 410 2991 aurium
426 2927 575 2991 amiserat
591 2927 757 3001 auditum3
774 2925 910 3013 pervigil
924 2925 1033 3011 itaque
1048 2946 1122 2988 cum
1137 2946 1212 2988 can·

64 3015 139 3079 dela
163 3015 366 3100 pernoctavit
389 3015 430 3078 ad
453 3014 657 3099 sepulchrum
680 3012 810 3097 gloriosi
835 3011 999 3100 Martyris.
1049 3012 1115 3076 Sed
1138 3034 1212 3076 cum

63 3102 107 3166 nil
128 3102 261 3167 sentiret
284 3102 455 3178 commodi,
473 3101 596 3165 addidit
612 3101 653 3164 ad
675 3100 776 3165 simile
797 3123 887 3186 opus,
906 3114 939 3164 et
961 3100 1132 3163 secundam
1157 3104 1211 3162 oc-

64 3190 174 3254 currit.
224 3189 290 3252 Sed
305 3210 378 3252 cum
394 3211 453 3253 nec
468 3188 512 3252 sic
532 3188 663 3275 aliquod
682 3191 816 3253 sentiret
830 3187 1019 3264 remedium,
1036 3186 1161 3250 addidit
1177 3191 1217 3250 et‘

64 3276 207 3340 terciam.
256 3278 338 3340 Cum
356 3298 429 3339 ecce
444 3275 543 3339 tercia
557 3289 662 3352 nocte,
680 3277 759 3339 hora
774 3276 836 3361 qua
851 3276 965 3339 fratres
981 3273 1212 3338 matutinorum

64 3362 242 3427 intererant
256 3363 370 3448 ymnis,
387 3362 521 3446 vigilans
537 3378 569 3426 et
584 3376 713 3446 apertos
728 3363 849 3426 habens
866 3362 985 3438 oculos,
999 3360 1080 3424 vidit
1095 3360 1136 3424 ab
1149 3361 1212 3424 ori-

64 3451 162 3515 entali
177 3464 268 3535 parte
284 3449 444 3534 sepulchri
459 3450 634 3534 procedere
649 3449 823 3532 gloriosum
841 3449 966 3536 Regem
981 3460 1014 3510 et
1032 3446 1213 3534 Martyrem

67 3536 243 3614 Oswinum,
275 3536 372 3620 regiis
405 3538 553 3601 indutum
583 3537 734 3611 vestibus,
767 3536 867 3624 regali
904 3534 1023 3598 coronb
1053 3548 1211 3599 ornatum.

71 3622 177 3696 Quem
200 3625 404 3708 praecedebat
425 3622 552 3708 juvenis
575 3622 806 3706 pulcherrimus
829 3623 902 3686 elba
923 3621 1063 3700 indutus,
1084 3622 1213 3687 situlam

67 3732 159 3796 aquae
171 3724 204 3775 et
220 3712 432 3795 aspersorium
447 3714 479 3774 in
495 3709 640 3774 manibus
655 3723 795 3795 portans.
844 3711 927 3774 Cum
942 3708 1071 3795 utrique
1092 3709 1213 3795 pariter

67 3799 165 3862 semel
187 3810 221 3863 et
244 3799 360 3861 iterum
376 3811 520 3862 sanctum
536 3797 755 3861 circumissent
769 3796 984 3881 sepulchrum,
1002 3797 1103 3860 tercio
1119 3797 1152 3860 id
1167 3794 1214 3859 fa·

67 3883 199 3963 cientes,
217 3885 414 3949 devenerunt
426 3884 467 3948 ad
483 3883 572 3948 illum
587 3885 704 3960 locum,
722 3883 775 3947 ubi
791 3883 904 3947 surdus
920 3883 973 3947 ille
994 3906 1114 3968 pauper
1136 3881 1214 3946 resi-

67 3971 175 4037 debat.
225 3971 445 4036 Substiterunt
467 3971 575 4058 itaque
598 3972 715 4045 ambo;
739 3984 770 4033 et
793 3993 868 4034 ecce
892 3970 1048 4055 gloriosus
1075 3969 1212 4054 Martyr,

67 4071 201 4145 accepto
216 4059 257 4124 de
273 4080 368 4122 manu
384 4061 540 4143 gestantis
555 4057 743 4143 aspersorio,
760 4057 887 4122 infirmo
902 4056 1056 4142 porrexit.
1105 4057 1149 4119 At
1161 4054 1215 4120 ille

67 4145 133 4208 cito
156 4149 189 4209 in
206 4146 363 4210 sinistram
375 4158 499 4231 partem
514 4158 611 4229 capnt
623 4145 766 4222 flectens,
781 4166 890 4209 aurem
906 4144 952 4208 illi
967 4144 1147 4208 dexteram¹
1158 4162 1216 4227 op·

67 4231 152 4297 tulit.
201 4232 239 4296 ln
255 4235 317 4320 qua
337 4233 473 4296 Sanctus
489 4231 699 4317 aspersorium
715 4231 812 4309 misit,
829 4231 957 4317 citoque
980 4228 1124 4305 retraxit,
1149 4231 1222 4293 sur-³

67 4318 203 4384 ditatem
248 4344 267 4382 e
294 4319 376 4383 illius
404 4319 556 4384 auriculae
582 4318 714 4384 abstulit
741 4330 838 4405 atque
868 4314 1060 4402 pertransiit.
1121 4315 1217 4380 Tunc

67 4420 191 4491 pauper
205 4406 215 4468 i
228 4406 259 4470 le
282 4404 480 4470 lacrimando
499 4405 689 4483 vociferans,
707 4405 885 4469 astantibus
906 4402 1056 4478 dicebat3
1082 4411 1104 4442 “
1122 4401 1219 4481 Ecce,

627 4515 648 4555 u
