2888 5018
441 456 550 505 naurs
577 455 794 506 nnmonnn.
1161 444 1213 526 37

70 636 172 702 quam
197 617 294 681 verbo
321 616 519 702 significavit.
568 619 633 695 Qui
657 618 763 685 stratis
790 618 968 699 exilientes,
985 631 1018 685 et
1040 622 1082 686 ad
1103 622 1211 712 ignem

68 711 308 783 concurrentes,
333 706 463 771 domurn
489 720 590 772 totam
620 707 751 772 interius
781 729 957 788 accensam,
988 709 1210 800 flammamque

63 794 135 878 jam
149 791 279 857 domata
292 793 497 874 lambentem,
514 808 547 860 et
562 807 683 861 tectum
700 807 921 880 penetrantem
936 797 1152 883 conspiciunt3
1176 815 1211 866 et

68 878 151 966 quid
175 894 282 963 agant,
306 882 356 946 vel
383 883 518 970 qualiter
544 883 697 969 impetum
720 882 801 968 ignis
820 884 993 962 retardent,
1010 908 1074 950 non
1089 887 1211 953 inveni-

68 981 141 1031 unt.
190 968 267 1031 Pars
283 982 389 1034 tamen
404 971 514 1049 resilit,
532 984 566 1036 et
587 971 765 1037 dormitorii
781 984 900 1036 tectum
915 972 1011 1037 insilit
1026 986 1060 1039 et
1074 973 1118 1038 ibi
1134 999 1208 1043 cum

67 1053 145 1139 igne
162 1054 308 1133 dimicat3
329 1081 402 1143 pars
417 1081 499 1147 vaga
512 1059 575 1123 huc
598 1059 734 1147 illucque
750 1059 907 1138 discurrit,
926 1073 960 1125 et
975 1061 1116 1127 ecclesiae
1134 1086 1210 1150 sup-

66 1142 251 1229 pelectilem
265 1167 424 1231 proposse
440 1146 586 1212 incendio
601 1147 727 1233 surripit
740 1171 750 1224 ;
765 1170 837 1232 pars
852 1148 895 1213 ad
913 1148 1064 1214 Sanctum
1084 1149 1208 1236 Regem

67 1243 103 1295 et
127 1229 307 1317 Martyrem
339 1233 499 1300 Oswinum
523 1235 617 1312 redit,
642 1247 675 1300 et
699 1234 835 1300 orationi
858 1235 984 1301 insistit.
1043 1237 1087 1301 Et
1115 1239 1208 1304 Prior

70 1317 260 1383 Ruelendus
271 1334 305 1385 et
320 1321 474 1407 Supprior
489 1322 654 1408 Alquinus,
665 1323 791 1388 techam
807 1322 916 1387 Sancti
928 1323 1084 1410 Martyris
1099 1323 1132 1389 in
1144 1328 1209 1414 qua

67 1407 137 1491 ejus
146 1429 262 1492 corpus
274 1410 484 1474 reverendum
496 1411 687 1475 collocatum
696 1423 754 1489 est,
765 1411 916 1488 evehunt,
924 1423 956 1476 et
965 1411 997 1475 in
1005 1423 1097 1498 prato
1107 1413 1208 1478 claus-

67 1494 111 1559 tri
121 1510 294 1579 reponnnt.
331 1497 443 1584 Ibique
453 1498 596 1563 nonnulli
610 1498 744 1563 fratrum
754 1521 827 1564 cum
835 1497 970 1562 lacrimis
983 1514 1121 1579 orantes,
1133 1502 1206 1567 soli·

68 1605 106 1647 us
119 1582 185 1647 Dei
197 1597 231 1647 et
243 1583 394 1671 Martyris
411 1586 520 1650 Sancti
528 1608 623 1671 opem
636 1585 793 1671 flagitant.
840 1582 932 1650 Prior
941 1585 1008 1672 ipse
1016 1610 1100 1654 nunc
1113 1588 1206 1656 lacri-

70 1669 128 1735 mis
141 1671 264 1737 obortis
279 1695 388 1757 preces
408 1673 526 1739 Sancto
543 1674 679 1759 Martyri
694 1673 809 1752 fundit,
827 1695 910 1739 nunc
925 1675 990 1739 alta
1004 1698 1083 1741 voce
1100 1678 1215 1743 taliter'

69 1780 177 1859 preces
193 1759 348 1824 confudit.
395 1771 416 1803 “
433 1762 548 1828 Sancte
564 1761 702 1841 Oswine,
720 1762 797 1850 quid
819 1762 914 1848 agis?
959 1763 1101 1829 Domum
1117 1781 1204 1832 tuam

66 1868 139 1931 tgne
151 1846 296 1912 consumi
312 1848 495 1933 permittis?
548 1849 605 1914 Me
621 1863 678 1915 tuo
694 1849 847 1938 obsequio
860 1850 1084 1936 mancipatum,
1101 1854 1205 1918 crimi-

64 1934 112 1999 nis
126 1958 221 2011 reum
235 1934 340 2001 facis?
387 1937 472 2002 Meae
487 1937 571 2002 enim
584 1938 789 2023 deputabitur
802 1937 946 2016 incuriae,
961 1939 1055 2024 hujus
1070 1954 1203 2006 eventus

63 2021 214 2088 miseriae.
253 2023 287 2088 Si
306 2025 440 2089 Sanctus
455 2049 499 2103 es,
517 2026 542 2089 si
557 2025 675 2090 amicus
692 2025 756 2090 Dei
772 2049 815 2102 es,
832 2025 864 2088 iu
879 2027 1001 2091 summa
1015 2028 1202 2094 necessitate

62 2109 210 2189 subveni,
228 2124 261 2176 et
276 2135 403 2198 oppone
419 2126 450 2177 te
467 2113 648 2177 discrimini.
697 2113 785 2188 Quid
800 2113 928 2178 tardas?
976 2113 1064 2188 Quid
1079 2119 1203 2183 cessas?

63 2198 157 2265 Loco
173 2199 235 2263 isto
249 2223 308 2265 nec
324 2214 360 2265 tu
375 2201 562 2279 moveberis,
580 2224 638 2266 nec
653 2224 726 2287 ego.
764 2200 864 2265 Simul
880 2223 939 2266 nos
954 2201 1034 2287 ignis
1049 2202 1201 2284 inveniet,

61 2285 158 2352 simul
178 2287 210 2350 iu
229 2288 350 2353 cineres
364 2288 500 2374 rediget.
549 2289 583 2353 Si
597 2289 789 2354 monasterio
812 2302 869 2354 tuo
890 2312 954 2354 non
977 2290 1090 2377 parcis,
1107 2316 1203 2378 parce

60 2375 191 2463 corpori
206 2389 274 2440 tuo.
323 2376 357 2441 Si
371 2400 435 2441 non
450 2378 552 2463 parcis
567 2377 659 2442 nobis
696 2377 749 2442 uia
764 2377 972 2463 peccavimus,
988 2401 1083 2464 parce
1096 2393 1204 2448 tamen

60 2463 291 2529 confitentibus
306 2466 393 2553 quod
408 2465 637 2550 peccavimus.''
664 2402 746 2531 llaec
761 2479 795 2531 et
810 2466 923 2531 similia
936 2467 1015 2531 fiens
1030 2482 1064 2532 et
1079 2469 1202 2554 ejulans

61 2550 159 2632 dixit,
187 2575 364 2641 corpusque
395 2553 599 2618 Dominicum
625 2554 690 2618 cito
715 2554 821 2619 afferri
843 2555 1005 2640 praecepit.
1054 2557 1202 2646 Cumque

60 2639 141 2705 foris
156 2641 286 2705 allatum
302 2641 424 2719 fuisset,
441 2665 610 2706 conversus
622 2643 663 2706 ad
683 2643 835 2707 Sanctum
852 2642 1026 2707 Oswinum.
1066 2645 1201 2712 “Ecce’'

60 2728 167 2816 inquit
185 2739 208 2770 “
219 2728 308 2793 Deus
324 2743 433 2793 noster
446 2731 561 2795 Jhesns
580 2730 713 2795 Cristus.
760 2728 829 2793 Nos
841 2752 905 2792 non
916 2752 1075 2793 meremur
1086 2733 1200 2811 audiri,
1264 2794 1267 2801 .

59 2840 123 2882 nec
156 2816 297 2882 Cristum
327 2817 543 2903 praesumimus
569 2817 711 2902 precari;
736 2816 768 2879 in
793 2815 927 2880 articulo
947 2816 1144 2883 necessitatis
1166 2833 1200 2884 tc

60 2918 233 2990 patronum
257 2905 385 2984 exhibe,
413 2918 447 2970 et
468 2927 527 2990 pro
550 2904 643 2968 nobis
670 2905 810 2968 Cristum
836 2903 1029 2989 deprecare;
1050 2917 1087 2969 ut
1112 2909 1201 2995 quod

61 2993 180 3057 nostris
209 2993 328 3058 meritis
358 3016 422 3057 non
455 2993 606 3070 valemus,
636 3005 694 3056 tuo
723 2990 901 3077 patrocinio
937 2998 1199 3080 consequamur.''
1252 3007 1256 3014 '

62 3080 178 3157 Dixit3
202 3095 235 3145 et
257 3104 330 3146 ecce
346 3095 459 3144 ventus
473 3081 578 3144 nullus
601 3080 746 3159 efficitur,
764 3093 797 3144 et
819 3079 900 3165 ignis
915 3079 970 3167 qui
988 3081 1056 3166 jam
1079 3083 1199 3169 lapides

60 3168 181 3233 multos
205 3172 236 3232 in
260 3169 448 3233 dormitorio
470 3170 698 3246 combusserat,
714 3183 747 3234 et
770 3167 938 3232 emaceritl
960 3170 1127 3235 nonnullos
1142 3195 1199 3237 ex-

59 3269 213 3336 cusserat,
230 3256 386 3322 fenestras
401 3257 530 3345 quidem
545 3257 665 3341 ligneas
688 3269 721 3321 et
743 3256 892 3342 stipulam
907 3256 1021 3321 siccam
1036 3261 1113 3322 tecti
1126 3263 1199 3325 teti-

58 3344 118 3429 git,
135 3346 195 3410 sed
209 3345 308 3409 nichil
323 3345 476 3410 molestiae
492 3345 608 3409 intulit.
655 3345 881 3431 Porticumque
897 3344 1032 3433 ligneam
1047 3348 1198 3414 stramine

60 3446 192 3513 tectam,
211 3433 310 3497 tribus
333 3433 475 3512 officinis,
499 3432 648 3498 videlicet
670 3433 779 3498 domui
796 3432 931 3510 ardenti,
949 3432 1147 3519 dormitorio,
1164 3451 1199 3503 et

58 3520 231 3586 refectorio
254 3522 467 3606 conjunctam,
498 3523 625 3585 flamma
655 3544 754 3585 vorax
783 3520 997 3606 consumpsit3
1035 3522 1197 3613 fidemque

58 3608 215 3674 miraculo
237 3609 356 3674 faciens
370 3609 550 3687 certiorem,
572 3609 688 3696 quibus
703 3612 815 3696 juncta
834 3621 902 3672 erat
916 3609 1067 3694 porticus,
1085 3612 1197 3679 domos

60 3696 181 3776 insiliit,
198 3697 256 3762 sed
272 3696 290 3761 a
305 3697 427 3762 duabus
444 3698 530 3761 velut
546 3720 732 3782 repercussa
752 3696 873 3762 resiliit.
920 3697 963 3761 Et
978 3699 1068 3785 quasi
1083 3700 1199 3767 intelli-

57 3807 137 3870 gens
152 3784 185 3849 in
200 3807 296 3873 quam
307 3785 366 3850 sibi
381 3797 521 3871 potestas
537 3786 676 3863 daretur,
690 3798 723 3849 et
733 3785 764 3848 in
774 3807 857 3872 quas
872 3807 999 3870 prorsus
1014 3802 1196 3874 negaretur,

58 3873 185 3959 porticu
201 3874 367 3938 combusta
381 3876 509 3939 flamma
524 3873 610 3938 velut
626 3873 779 3937 obediens
799 3874 928 3952 Sancto,
946 3874 1065 3960 lapides
1082 3901 1196 3941 consu-

57 3962 168 4027 mebat
190 3961 223 4025 in
247 3961 434 4026 dormitorio
456 3975 490 4027 et
505 3960 675 4027 refectorio
693 3961 766 4047 jure
781 3974 914 4040 naturoe,
931 3961 1018 4048 ligno
1033 3978 1067 4029 et
1081 3965 1196 4049 stipula

57 4050 211 4135 parcebat
234 4049 319 4113 dono
381 4050 465 4114 atiae.
511 4049 667 4114 Mirandis
690 4050 833 4114 miranda
851 4052 1037 4115 succedunt.
1084 4053 1195 4116 Frater

56 4137 188 4225 quidem
204 4136 330 4201 nomine
341 4073 510 4217 lllcardus,
524 4140 566 4202 ob
576 4137 766 4203 defensionis
782 4160 908 4203 causam
924 4151 1009 4203 tecto
1018 4139 1195 4203 dormitorii

58 4224 209 4303 insidens,
235 4226 359 4290 incaute
382 4226 402 4290 a
427 4226 577 4314 quopiam
599 4250 691 4313 aquae
712 4228 803 4313 jactu
817 4226 1002 4312 percutitur,
1020 4240 1053 4290 et
1068 4227 1109 4291 ad
1131 4226 1194 4293 ima

56 4312 203 4392 deicitur,
215 4314 272 4378 sed
287 4314 319 4376 in
335 4314 570 4379 nulloloeditur.
608 4316 690 4380 Item
706 4316 834 4400 insuper
849 4328 968 4379 tectum
984 4313 1068 4377 idem
1083 4314 1191 4395 resilit,

56 4414 90 4467 et
108 4402 266 4486 flagrante
284 4403 443 4481 incendio,
463 4404 593 4489 repente
613 4426 671 4488 per
685 4403 825 4468 medium
841 4403 908 4486 ejus
923 4401 1060 4465 labendo
1076 4414 1193 4470 terram

56 4503 240 4575 penetrans,
262 4489 342 4575 ignis
356 4490 462 4556 medio
478 4490 659 4572 involvitur,
676 4490 732 4556 sed
756 4513 814 4556 nec
830 4502 905 4555 tunc
920 4487 1057 4556 laeditur.
1105 4491 1195 4568 Quid
