2888 5018
524 395 663 450 stucrl
689 394 926 451 CUTHBEBTI.

143 862 270 946 [CAP.
292 859 460 939 XXVIL]
508 860 614 937 Quare
634 863 861 1012 rpalipppstnon
881 863 1001 924 intrant
1024 863 1181 925 eeclesiam
1204 863 1299 926 Beati

671 958 706 1010 at
759 952 811 1011 ri.

192 1173 321 1238 Interea
336 1168 471 1256 contigit
485 1169 572 1253 quod
589 1168 656 1232 filia
681 1169 781 1252 Regis
807 1169 981 1253 provincia
1008 1172 1105 1250 illius,
1136 1177 1169 1238 in
1200 1179 1298 1244 domo

146 1263 249 1348 patris
265 1258 446 1323 adulterata
455 1258 495 1319 ab
507 1256 749 1341 aliquojuvene,
762 1259 958 1341 conciperet,
974 1275 1144 1346 uterusque
1157 1265 1226 1347 ejus
1239 1268 1297 1329 im-

147 1347 313 1435 pregando
328 1348 566 1409 intumesceret.
613 1344 712 1420 Quod
729 1366 796 1420 rex,
816 1360 850 1408 ut
873 1345 1039 1429 comperit,
1068 1363 1101 1410 et
1130 1350 1297 1431 sollicitius

147 1434 295 1501 facinoris
310 1448 473 1497 auctorem
491 1430 689 1517 perquisivit,
701 1446 732 1494 et
743 1432 927 1518 diligentius
943 1433 1148 1516 investigans,
1166 1439 1240 1502 talia
1256 1443 1297 1505 ab

147 1522 204 1589 illa
218 1522 376 1610 percepit.
423 1518 557 1584 Juvenis
573 1519 627 1582 ille
643 1517 812 1596 solitarius,
830 1521 885 1605 qui
907 1519 939 1583 in
965 1519 1071 1584 vicino
1088 1522 1219 1603 habitat,
1245 1551 1296 1593 me

147 1636 190 1705 op
215 1609 314 1686 ressit,
332 1623 364 1672 et
388 1631 446 1672 sua
476 1607 677 1693 speciositate
707 1607 871 1671 seductam
898 1608 1032 1692 decepit.
1086 1608 1180 1675 Tunc
1211 1615 1295 1695 Rex,

146 1635 371 1786 indignatione
385 1696 482 1760 nimia
496 1695 700 1772 furibundus,
717 1694 856 1779 plurimo
872 1699 1073 1780 constipatus
1090 1703 1296 1852 mentedffla}

148 1811 214 1853 una
229 1809 302 1850 cum
316 1784 382 1848 fllia
391 1798 544 1868 corrupta
557 1784 597 1847 ad
609 1782 818 1863 solitudinum
829 1784 901 1848 loca
911 1786 1062 1868 perrexit,
1077 1800 1108 1850 et
1120 1787 1193 1852 itaa
1232 1814 1298 1856 ser-

149 1872 226 1941 vum
242 1872 307 1939 Dei
318 1894 452 1937 exorsus
464 1871 557 1938 dixit.
607 1870 732 1934 “Tune
748 1894 793 1948 es,
808 1872 862 1957 qui
875 1873 933 1936 snb
947 1872 1052 1957 specie
1069 1874 1217 1961 religiosa
1234 1874 1297 1942 Del

150 1961 273 2046 temple
294 1959 528 2045 prophanando
550 1958 666 2043 polluis
690 1973 722 2022 et
747 1958 953 2023 sanctuaria?
1000 1959 1052 2022 Tu
1077 1961 1136 2024 sub
1159 1979 1298 2047 scemate

151 2046 283 2116 solitarii
300 2070 428 2112 omnem
454 2046 642 2133 spurcitiam
665 2067 794 2109 exerces
818 2046 923 2110 cultus
940 2044 1096 2110 immundi
1111 2062 1144 2112 et
1159 2049 1298 2117 incesti?

156 2137 242 2203 Ecce
262 2135 314 2200 hic
334 2135 401 2199 lilia
417 2158 496 2210 mea,
521 2156 616 2220 quam
641 2131 704 2197 tuis
719 2132 865 2197 ludibriis
881 2135 1050 2217 corrupisti
1078 2149 1110 2199 et
1125 2137 1298 2204 adulterari

155 2248 222 2290 non
238 2222 380 2307 timuisti.
429 2222 526 2288 Nunc
542 2239 648 2285 temen
666 2220 768 2304 palam
786 2221 831 2284 tui
846 2221 972 2285 sceleris
988 2243 1105 2285 noxam
1122 2228 1298 2308 aperiendo

150 2308 314 2388 confitere,
332 2306 364 2374 et
381 2310 544 2397 quomodo
562 2309 642 2372 hanc
668 2308 832 2372 seduxeris
855 2332 962 2373 coram
979 2313 1102 2374 cunctis
1129 2312 1298 2379 edissere.''

152 2400 266 2467 Puella
280 2399 388 2487 igitur,
405 2397 522 2462 auditis
539 2397 639 2460 verbis
655 2397 764 2481 patris,
783 2397 975 2481 pertinacius
1005 2398 1129 2483 irrupit,
1161 2417 1192 2464 et
1222 2425 1298 2467 cou-

151 2482 285 2571 stantius
310 2486 412 2571 ipsum
438 2485 497 2548 boc
513 2485 633 2548 facinus
651 2484 681 2546 in
706 2508 776 2549 earu
801 2488 996 2549 commisisse
1020 2490 1232 2567 contestando
1248 2514 1297 2556 as·

151 2572 262 2642 seruit.
295 2574 434 2638 Miratus
445 2571 572 2658 juvenis
589 2587 620 2636 et
637 2572 883 2656 obstupefactus,
901 2590 1082 2637 commenta
1099 2576 1170 2640 haec
1185 2579 1297 2642 diabo-

151 2665 213 2730 lica
228 2685 295 2726 esse
311 2660 477 2748 persensit,
496 2659 668 2747 plurimum
686 2662 847 2736 anxiatus
871 2660 958 2724 etad
978 2661 1085 2724 Deum
1112 2676 1302 2749 tutamenta

151 2750 323 2816 conversus
349 2748 438 2813 dixit.
486 2747 679 2812 “Dominus
704 2747 804 2824 Deus,
833 2748 887 2834 qni
919 2748 1006 2810 solus
1034 2749 1232 2813 occultorum
1254 2758 1302 2818 est

151 2837 301 2925 cognitor
316 2851 348 2901 et
364 2851 513 2913 assertor,
531 2835 599 2920 ipse
615 2835 768 2919 hocopus
781 2835 954 2921 iniquitatis
971 2833 1204 2911 manifestando
1214 2850 1302 2902 com-

150 2926 277 3014 probet,
313 2941 346 2990 et
372 2924 615 3010 comprobando
641 2920 826 2989 manifestet.
876 2923 939 2986 Sed
966 2944 1071 3007 neque
1099 2921 1130 2986 id
1159 2923 1301 2991 humano

146 3013 272 3099 judicio
297 3010 540 3097 corttprobando
567 3010 723 3087 notificet,
742 3010 797 3074 sed
820 3009 929 3073 divino
953 3010 985 3071 id
1010 3007 1116 3095 potius
1145 3012 1300 3080 miraculo

152 3102 327 3183 revelando
350 3098 522 3167 declaret.”
570 3100 653 3163 Cum
672 3100 741 3162 baec
758 3100 804 3160 vir
822 3098 924 3161 verbis
939 3099 1161 3182 gemebundus
1177 3118 1210 3162 et
1226 3125 1297 3185 pro-

151 3184 241 3254 fusus
258 3172 394 3253 lacrimis
410 3202 598 3272 perorasset,
623 3188 711 3272 quod
735 3185 855 3250 dictum
887 3201 935 3250 est
965 3186 1116 3264 mirabile,
1134 3188 1238 3252 subito
1266 3194 1298 3254 in

152 3277 224 3342 loco
240 3300 305 3367 quo
321 3279 392 3363 ipsa
406 3274 494 3340 stetit
510 3290 593 3338 terra
609 3275 763 3352 dciscens,
781 3299 816 3339 os
832 3297 924 3338 suum
941 3275 1076 3358 aperuit,
1102 3287 1133 3338 et
1149 3275 1181 3340 in
1199 3279 1299 3357 oculis

153 3366 297 3445 omnium
315 3364 415 3449 ipsam
431 3363 636 3447 absorbendo
652 3362 834 3450 deglutivit.
883 3363 990 3426 Locus
1006 3361 1060 3424 ille
1076 3361 1183 3426 adhuc
1203 3365 1302 3430 Corr-

152 3475 216 3533 uen
233 3448 359 3528 dicitur,
391 3450 446 3516 ubi
470 3450 537 3535 ipsa
555 3473 612 3534 pro
628 3452 839 3534 corruptionis
856 3448 1046 3515 suae.ruina
1076 3447 1107 3511 in
1138 3446 1298 3519 infernum

151 3536 276 3605 cecidit.
324 3539 405 3604 Haec
420 3538 519 3638 igitur
530 3555 622 3623 pater
637 3538 751 3622 puellae
767 3561 839 3602 cum
866 3537 1072 3601 multitudine
1095 3559 1153 3601 sua
1176 3545 1301 3629 perspi·

153 3622 238 3692 ciens
260 3627 339 3707 lieri,
361 3641 459 3713 coeptt
476 3626 568 3689 nimis
585 3625 706 3689 timoris
730 3640 762 3689 et
792 3625 912 3690 doloris
939 3623 1074 3688 stimulis
1099 3624 1295 3716 detorqueri.

154 3714 306 3779 Timebat
323 3716 454 3802 quidem
470 3712 603 3777 nimium
620 3715 707 3798 quod
724 3730 867 3777 sanctum
881 3711 1028 3776 convitiis
1043 3714 1233 3799 impetisset,
1259 3743 1298 3784 ne

153 3825 187 3866 se
198 3802 369 3867 consimilis
386 3801 528 3866 vindicta
542 3800 729 3886 corriperet.
778 3802 875 3867 Unde
901 3800 967 3885 ipse
983 3824 1055 3864 cum
1071 3801 1134 3865 suis
1150 3806 1297 3873 onmibus

152 3889 338 3977 suppliciter
374 3888 438 3954 Dei
474 3886 724 3952 misericordiam
754 3890 973 3975 postulabant,
1007 3907 1038 3953 et
1068 3888 1166 3975 ipsius
1197 3893 1297 3957 sancti

152 3978 314 4043 orationes
324 4001 394 4043 eam
403 3976 462 4041 sibi
475 3978 562 4062 apud
577 3972 755 4040 Dominum
768 3979 915 4063 optinere
927 3976 1130 4041 devotissime
1146 3979 1297 4064 deposce-

153 4066 240 4129 bant.
287 4066 416 4142 Quibus
439 4064 493 4129 ille
513 4064 686 4152 benignius
701 4063 844 4143 indulsit,
872 4066 928 4129 sed
946 4065 1084 4129 mulieris
1100 4067 1297 4132 consortium

152 4153 237 4219 circa
257 4177 290 4218 se
306 4153 440 4218 ulterius
457 4175 522 4216 non
541 4151 679 4220 admisit.
728 4154 811 4217 Inde
828 4153 926 4238 igitur
940 4153 1089 4239 provenit
1105 4153 1191 4237 quod
1208 4177 1298 4219 snam

151 4240 318 4306 ecclesiam
333 4241 467 4307 feminas
482 4242 602 4305 intrare
615 4264 680 4305 uon
696 4244 851 4328 permisit,
869 4245 954 4329 quod
971 4242 1125 4304 hactenus
1140 4240 1172 4303 in
1196 4244 1301 4326 patria

153 4329 321 4398 Pictorum
346 4328 447 4397 artius
462 4330 662 4411 observatur,
686 4331 881 4421 ubicumque
907 4328 1009 4417 ipsius
1032 4326 1148 4392 honori
1162 4329 1300 4399 eeclesia
