2888 5018
461 408 599 460 sanem
627 408 866 463 curuantur.
1182 398 1234 478 77

66 565 199 650 penitus
218 565 354 631 illaesum
372 583 407 634 et
428 571 469 635 ab
493 594 646 658 aquarum
665 573 818 661 voragine
837 572 985 650 liberum,
1003 571 1078 636 Deo
1092 572 1229 639 admira·

64 653 125 718 bili
147 653 259 718 laudes
274 655 424 735 reddidit,
446 671 700 748 cunctorumque
715 663 839 725 animos
854 660 896 725 ad
912 662 977 728 Dei
992 661 1129 744 gloriam
1143 684 1227 746 prae·

68 740 246 807 dicandam
262 743 378 808 erexit.
1122 761 1123 764 ’

524 1057 642 1137 [cnr.
659 1056 774 1139 XIX]

115 1278 166 1344 Ut
189 1281 360 1345 autem‘ad
386 1279 541 1367 liquidum
566 1302 614 1357 ea,
632 1304 704 1367 quae
721 1282 762 1345 de
778 1280 834 1344 illo
849 1280 1037 1359 audivimus,
1063 1282 1217 1366 explane-

65 1389 148 1444 mus,
166 1368 354 1433 traditiones
367 1381 400 1432 et
417 1367 585 1454 opiniones
603 1370 750 1455 vulgares
766 1391 830 1431 non
847 1369 1034 1435 tacebimus.
1070 1369 1218 1433 Tradunt

66 1454 226 1540 siquidem
244 1469 307 1520 tarn
324 1456 551 1542 Hybernenses
567 1469 632 1519 tam
646 1456 844 1520 Galwienses
860 1468 894 1519 et
911 1455 1023 1533 Scotti,
1040 1456 1127 1541 quod
1139 1479 1219 1541 puer

67 1541 203 1606 Domini
219 1565 279 1628 pro
294 1542 463 1621 miraculis,
475 1567 548 1631 quae
559 1566 616 1627 per
626 1566 699 1606 eum
713 1544 803 1606 Deus
815 1543 965 1620 ostendit,
979 1543 1087 1606 multis
1100 1567 1216 1608 exosus

69 1628 101 1692 iu
134 1642 221 1695 terra
250 1654 308 1695 sua
336 1631 442 1696 fuerit.
506 1630 606 1695 Unde
628 1632 774 1695 nonnulli
791 1631 980 1694 consuluere
997 1643 1029 1695 ut
1047 1632 1127 1695 lines
1143 1656 1217 1696 suos

64 1717 273 1804 relinqueret,
291 1731 324 1783 et
339 1741 439 1804 regna
454 1718 612 1806 profugus
628 1718 734 1782 aliena
749 1720 863 1785 adiret.
899 1718 1025 1792 Quibus
1038 1721 1213 1804 respondit,

64 1827 99 1869 se
115 1805 180 1870 hoc
196 1806 287 1870 nullo
303 1809 400 1871 modo
419 1808 589 1883 l'acturum,
607 1805 667 1868 nisi
690 1808 719 1869 ei
743 1806 903 1893 navigium
920 1819 1108 1890 praestarent
1125 1807 1213 1891 prius

62 1891 242 1961 insolitum.
305 1893 456 1958 Protinus
480 1896 638 1979 promisso
654 1894 819 1972 laetificati,
837 1895 896 1957 sub
912 1894 1066 1978 hyronica
1081 1894 1213 1957 subsan-

62 1980 196 2046 natione
222 1981 302 2046 dura
323 2005 402 2067 rupe
418 1981 447 2046 ei
471 1981 648 2045 naviculam
668 1982 838 2067 quandam,
856 2003 953 2067 quam
976 1980 1093 2044 corrok
1111 1980 1212 2044 nomi-

62 2081 153 2146 nant,
178 2069 422 2154 praesciderunt,
447 2080 480 2133 et
503 2081 679 2133 statuentes
703 2062 735 2130 in
759 2068 874 2144 littore,
892 2079 928 2130 ut
944 2068 975 2129 in
992 2090 1031 2131 ea
1045 2068 1212 2151 navigaret

61 2169 298 2242 praeceperunt.
351 2156 436 2222 Mox
457 2156 564 2243 itaque
588 2169 620 2220 et
643 2155 734 2235 [lut]
757 2178 852 2240 super
874 2176 945 2219 eam
965 2154 1092 2238 signum
1108 2155 1211 2220 crucis

59 2244 173 2322 edidit,
191 2265 304 2309 curroc
319 2244 447 2330 lapidea
461 2266 556 2328 super
571 2243 672 2307 undas
688 2265 852 2329 aequoreas
868 2241 1019 2307 enatavit.
1051 2243 1104 2307 De
1120 2247 1211 2331 cujus

59 2332 231 2396 sanctitate
246 2330 455 2410 admirantes,
472 2353 545 2395 cum
560 2333 620 2395 iter
636 2333 704 2419 ejus
714 2330 979 2417 propositumque
987 2330 1151 2418 nullisque.
1164 2332 1212 2396 ul·

60 2420 160 2484 terius
175 2431 306 2504 possent
321 2420 469 2504 precibus
485 2419 649 2503 impedire,
666 2420 735 2503 ipse
758 2441 831 2482 cum
847 2431 949 2483 matre
972 2432 1004 2483 et
1019 2418 1112 2484 sociis
1127 2419 1210 2485 clam

58 2520 155 2572 nocte
171 2505 331 2572 discessit:
349 2520 382 2571 et
396 2507 478 2571 miro
488 2507 585 2570 modo
600 2506 634 2569 in
650 2505 778 2590 lapidea
787 2507 937 2572 devectus
950 2507 1106 2585 navicula,
1119 2510 1207 2592 apud

63 2593 241 2659 Galweiam
266 2596 299 2657 in
326 2595 458 2678 regione
483 2594 548 2672 illa,
574 2617 647 2681 quae
673 2594 814 2658 Rennnii
830 2608 974 2670 vocatur,
991 2596 1023 2657 in
1040 2608 1137 2678 portu
1153 2597 1208 2681 qui

60 2681 220 2745 Rintsnoc
246 2682 373 2759 dicitur,
405 2682 569 2767 applicuit.
635 2681 673 2744 ln
700 2684 789 2768 cujus
816 2695 931 2767 portus
960 2680 1069 2744 littore
1093 2703 1206 2745 curroc

56 2769 160 2835 sancti
177 2769 349 2834 Cuthberti
365 2769 491 2854 lapidea
513 2770 618 2834 adbuc
638 2770 827 2853 perdurasse
844 2768 981 2832 videtur.
1029 2767 1207 2844 Posthac,

57 2878 175 2923 cunoc
190 2856 317 2941 lapidea
339 2856 371 2920 in
390 2857 544 2943 Galweya
559 2857 723 2932 derelicta,
737 2855 841 2918 navim
859 2855 953 2918 aliam
969 2851 1076 2929 subiit,
1094 2853 1206 2918 etalio

57 2958 164 3030 portu,
182 2943 237 3030 qui
254 2944 442 3029 Letherpen
458 2944 586 3022 dicitur,
599 2946 632 3007 in
647 2941 860 3027 Erregaithle,
871 2963 944 3027 quae
954 2955 1002 3004 est
1013 2954 1099 3004 terra
1114 2940 1206 3006 Scot-

58 3051 176 3109 torum,
193 3031 358 3116 applicuit.
407 3033 524 3098 Portus
540 3032 594 3094 ille
611 3031 694 3094 inter
711 3028 913 3117 Erregaitble
928 3041 961 3093 et
980 3028 1111 3112 lncegal
1126 3028 1204 3094 situs

58 3133 117 3198 est,
135 3120 223 3184 lacus
239 3141 326 3195 vero,
345 3122 400 3206 qui
422 3121 467 3184 ibi
490 3121 657 3205 proximus
673 3117 810 3203 adjacet,
827 3116 983 3181 Loicafan
1000 3129 1131 3182 vocatus
1147 3129 1203 3181 est.

56 3208 133 3272 Nou
149 3222 255 3272 tamen
272 3206 409 3292 amplius
425 3230 521 3294 quam
534 3222 599 3272 tres
620 3206 680 3271 viri
695 3228 769 3271 cum
785 3216 888 3270 matre
904 3217 936 3270 et
951 3204 1019 3268 filio
1031 3205 1203 3269 extiterant

54 3296 110 3383 qui
125 3294 357 3381 applicuerant.

515 3595 631 3683 [cnr.
649 3594 744 3676 mr]

96 3817 264 3883 Exeuntes
287 3817 387 3907 igitur
410 3819 451 3883 ad
475 3818 580 3903 ignem
605 3843 638 3883 se
654 3815 910 3893 califaciendum,
928 3818 1003 3903 quia
1017 3817 1198 3904 hybernum

51 3918 179 3991 tempus
191 3906 307 3983 extitit,
319 3919 505 3971 construere
515 3907 670 3984 volentes,
683 3906 767 3968 sicca
776 3918 937 3969 sarmenta
948 3905 1198 3992 circumquaque

50 4015 92 4058 ex
119 3993 271 4079 vepribus
303 3994 484 4059 miricarum
516 3994 726 4078 collegerunt,
754 4005 787 4057 et
814 3994 1013 4078 aggregatim
1038 3993 1071 4055 in
1101 4013 1197 4054 unum

50 4080 156 4145 locum
185 4096 448 4166 composuerunt.
495 4085 541 4148 At
565 4085 640 4168 quia
665 4081 754 4144 locus
770 4080 837 4166 ipse
860 4081 1027 4146 latrocinia
1041 4102 1079 4144 ac
1094 4077 1197 4140 homi-

48 4167 134 4233 cidia
148 4191 222 4234 cum
238 4171 356 4255 praedis
372 4183 405 4235 et
420 4169 540 4254 rapinis
555 4167 777 4234 exercentium
792 4168 939 4254 proprius
955 4180 1013 4246 est,
1032 4164 1136 4231 sicarii
1151 4164 1196 4227 ibi

47 4271 212 4323 morantes
235 4256 436 4336 accedentes,
461 4271 494 4322 et
510 4258 649 4323 armillas
665 4278 776 4322 aureas
792 4257 825 4321 in
840 4256 980 4321 brachiis
995 4252 1111 4318 nobilis
1126 4273 1196 4315 mu-

45 4340 133 4413 lieris
156 4343 273 4415 clarius
296 4343 440 4414 relucere
462 4342 619 4427 videntes,
637 4366 724 4414 coeca
748 4341 956 4432 cupi[di]tate
971 4339 1071 4423 ducti,
1088 4336 1196 4407 subito
