2888 5018
532 395 643 469 nsors
671 420 890 470 urrunnun.
1271 404 1297 479 9

142 583 203 648 sed
214 604 274 668 per
289 583 486 667 martyrium,
503 594 538 645 ut
554 581 704 665 providit,
718 582 759 645 ad
771 581 889 666 gaudia
904 604 994 664 regni
986 580 1141 646 caelestis
1151 581 1297 645 anhelo.’'

149 671 232 734 Haec
261 669 375 768 effatus
404 667 631 768 'sanctissimus
666 669 749 746 Rex,
782 667 963 769 hujusmodi
994 668 1078 731 fudit
1108 668 1296 732 orationem.

149 757 285 820 “Pater
306 755 504 820 miseriarum
527 767 561 820 et
584 755 682 819 totius
706 754 931 820 consolationis
956 754 1059 833 Deus,
1084 756 1174 840 cujus
1200 754 1298 818 Filius

147 863 255 926 magni
246 842 396 906 consilii
416 843 559 926 augelus,
580 845 670 929 cujus
690 842 849 952 Spiritus
842 866 873 906 ιιι
889 842 1041 927 pressuris
1057 841 1239 926 paraclitus,
1257 843 1300 906 da

147 929 272 993 mihim
290 941 390 993 tantae
406 929 562 1014 angustiae
582 929 731 994 instantia
750 930 916 994 meliorem
933 928 1097 1013 eligere
1069 952 1163 993 viam.
1213 928 1299 1003 Quia

147 1017 174 1081 si
201 1017 288 1080 bello
310 1017 500 1116 conflixero,
521 1015 676 1080 fundendi
695 1016 859 1100 sanguinis
879 1039 987 1081 coram
1008 1029 1039 1080 te
1060 1038 1133 1080 reus
1148 1038 1299 1101 appareo.

151 1103 185 1168 Si
201 1103 337 1188 fugam
329 1102 441 1181 iniero,
463 1116 496 1168 et
511 1103 650 1188 propriae
665 1103 814 1186 dignitati
833 1116 866 1168 et
885 1117 1053 1189 parentum
1069 1103 1228 1167 nobilitati
1242 1102 1301 1166 de-

145 1213 246 1275 gener
265 1212 415 1275 appareo.
469 1190 512 1254 Et
531 1189 712 1254 hominibus
731 1191 855 1274 fugiens
875 1190 1038 1274 displiceo,
1060 1204 1094 1254 et
1113 1190 1189 1254 Tibi
1208 1189 1301 1253 dimi·

146 1279 253 1341 cansss'
301 1277 383 1342 Haec
403 1290 436 1341 et
452 1276 483 1339 in
499 1278 584 1341 hunc
602 1277 733 1341 modum
750 1277 863 1342 similia
880 1277 954 1341 Deo
973 1277 1148 1354 confidens,
1170 1276 1300 1341 tandem

144 1363 269 1428 consilii
288 1366 337 1428 sui
358 1363 523 1428 anchora'
516 1387 548 1427 m
564 1364 639 1428 Deo
657 1365 724 1427 fixa
744 1364 881 1451 qualiter
898 1363 971 1427 Deo
991 1365 1145 1448 placeret,
1165 1386 1224 1428 nec
1242 1363 1301 1427 ho-

147 1451 285 1514 minibus
301 1450 494 1536 displiceret,
509 1464 649 1515 mentem
666 1451 773 1515 subiit.
822 1449 1150 1537 Remittendumque
1142 1474 1174 1514 ιιι
1187 1450 1300 1514 domos

146 1561 220 1602 suas
236 1539 400 1623 populum,
414 1539 623 1624 bellumque
615 1535 732 1638 unport
734 1537 826 1602 unius
837 1538 880 1602 ad
895 1551 1020 1622 tempus
1030 1538 1299 1623 suspendendum,

147 1648 256 1725 seque
262 1647 420 1689 secessum
436 1625 567 1712 aliquod
582 1627 768 1710 petiturum,
788 1625 976 1710 primatibus
992 1624 1090 1710 priris,
1108 1624 1224 1689 deiude
1241 1624 1301 1689 toti

147 1712 306 1776 exercitui
329 1713 497 1797 suggessit,
516 1712 672 1799 hujusque
687 1712 810 1776 consilii
831 1712 988 1777 rationem
1009 1711 1160 1796 exposuit
1180 1711 1300 1776 dicens.

150 1809 173 1840 “
188 1799 246 1863 Me
261 1801 364 1864 solum
380 1800 421 1864 ad
437 1800 637 1884 perdendum
649 1803 766 1899 quaerit
781 1798 991 1877 adversarius,
1007 1822 1104 1900 quem
1118 1822 1145 1862 ιι
1136 1799 1196 1864 ab
1208 1821 1302 1864 exer-

148 1886 215 1951 citu
238 1886 412 1951 declinasse
431 1886 580 1965 audierit,
601 1886 763 1950 suroris
736 1909 804 1972 eJus
820 1887 958 1972 impetus
973 1885 1177 1970 reprimetur,
1195 1908 1302 1950 rever-

149 1986 336 2074 tentemque
352 1973 530 2038 exercitum
550 1996 615 2039 non
633 1987 856 2060 persequetur.
906 1973 1010 2038 Sed
986 1997 1012 2037 ει
1027 1996 1080 2036 me
1095 1972 1128 2035 in
1139 1989 1303 2037 reverten-

150 2060 230 2125 tium
245 2060 400 2125 comitatu
420 2084 489 2125 esse
508 2061 666 2138 didicerit,
685 2061 814 2125 instabit
833 2060 984 2138 atrocius,
1004 2061 1128 2146 eritque
1144 2083 1161 2122 e
1147 2057 1302 2124 duobus

151 2170 247 2211 unum
269 2171 312 2212 ex
331 2148 523 2213 necessitate
539 2148 734 2232 eligendum,
752 2161 808 2212 aut
824 2147 956 2211 viriliter
971 2147 1139 2210 resistendi
1155 2146 1303 2211 animosi-

150 2248 208 2313 tas,
226 2248 282 2300 aut
301 2248 393 2320 terga
409 2234 554 2299 vertendi
575 2235 825 2320 degenerositas.
873 2234 982 2334 Terga
1000 2257 1079 2318 ergo
1095 2247 1219 2299 vertere
1238 2257 1303 2299 non

147 2321 391 2399 consuevimus3
408 2336 441 2387 et
456 2322 531 2387 ideo
546 2345 622 2386 ecce
637 2345 779 2387 seorsum
794 2325 835 2387 ab
851 2321 995 2386 exercitu
1012 2321 1149 2399 declino,
1166 2322 1234 2387 fido
1249 2345 1303 2386 co-

150 2411 280 2474 mitatus
299 2370 474 2475 Tondlrere
491 2410 604 2510 ΤγΙιίἰΙ
605 2410 682 2489 filio,
698 2410 887 2510 comitisque
902 2432 966 2474 me1
957 2409 1157 2474 Humvaldi
1170 2409 1302 2473 domum

151 2497 192 2561 de
213 2511 308 2597 nocte
328 2497 430 2572 ade03
442 2520 543 2613 quem
562 2497 658 2562 etiam
679 2497 758 2561 mihi
777 2498 877 2562 fidum
894 2497 1003 2574 credo,
1023 2497 1098 2584 quia
1113 2497 1146 2561 id
1161 2519 1213 2561 me
1229 2519 1304 2582 pro-

151 2584 303 2649 meruisse
319 2585 459 2649 recolo.”
502 2584 626 2657 Quibus
643 2585 747 2663 dictis,
764 2585 887 2649 athleta
906 2581 1002 2650 Cristi
1015 2583 1195 2649 exercitum
1210 2607 1303 2648 suum

151 2672 282 2736 domum
306 2671 439 2748 remisit,
465 2684 498 2735 et
522 2694 595 2735 cum
619 2694 684 2735 uno
706 2686 777 2738 tant
779 2696 833 2735 um
856 2671 917 2735 sibi
939 2693 1015 2735 caro
1037 2671 1150 2748 milite,
1174 2671 1303 2734 nomine
1378 2718 1381 2724 ·

153 2758 308 2823 Tondber
325 2758 429 2844 Tylsii
447 2757 552 2835 filio,
544 2782 578 2821 ιιι
597 2759 664 2822 Get
652 2758 810 2842 tlrlingum
825 2759 978 2832 secessit3
998 2757 1192 2856 domumque
1211 2757 1304 2820 Hun-

151 2846 246 2910 waldi
264 2868 313 2908 sut
303 2845 428 2922 ducis,
443 2844 495 2907 cui
506 2845 604 2908 etiam
619 2844 850 2929 praedictum
822 2866 926 2909 vicum
938 2855 972 2907 et
987 2844 1089 2907 multa
1104 2844 1166 2908 aba
1181 2844 1304 2929 praedia

151 2934 338 3032 donaverat,
359 2953 453 3017 quem
470 2943 504 2995 et
519 2933 561 2995 ob
579 2931 642 2995 hoc
658 2931 717 2995 sibi
732 2931 833 2994 fidum
848 2931 1046 3031 autumabat,
1063 2954 1175 3017 pacem
1190 2932 1253 2994 suis
1269 2945 1303 2996 et

152 3019 250 3083 vitam
275 3018 486 3104 praeoptando
511 3030 547 3083 ut
572 3032 647 3083 ante
672 3036 883 3083 consueverat
908 3017 1028 3097 revisit,
1052 3019 1150 3120 jux-ta
1170 3021 1304 3084 verbum

153 3106 285 3172 Domini
300 3106 342 3170 ad
357 3105 527 3206 discipulos
543 3129 616 3171 suos
633 3105 778 3184 dicentis,
803 3115 824 3147 “
839 3105 872 3170 Si
889 3128 945 3170 vos
960 3107 1120 3190 persecuti
1134 3105 1278 3172 fuerint
1269 3130 1302 3171 ιιι

151 3195 215 3259 und
229 3194 369 3272 civitate,
383 3193 509 3294 fugite
501 3194 681 3270 tnaliam;''
698 3194 829 3258 undeet
848 3194 966 3258 Paulus
982 3193 1038 3272 ait,
1057 3194 1179 3259 “Date
1195 3195 1302 3259 locum

152 3282 238 3346 iraess’
287 3280 468 3347 Constitit
459 3281 557 3370 igitur
572 3281 625 3346 de
632 3241 688 3347 illo
708 3279 886 3359 manifeste,
904 3280 979 3381 quia
994 3281 1020 3344 si
1037 3303 1097 3366 pro
1109 3283 1229 3365 populo
1244 3306 1303 3347 suo

151 3393 233 3433 mort
223 3369 411 3448 noluisset,
428 3391 655 3470 nequaquam·
643 3391 681 3433 eo
697 3369 828 3433 dimisso
843 3368 1024 3453 proximam
1037 3392 1086 3433 sur
1077 3368 1191 3432 ducis
1210 3370 1304 3434 Hun·
1312 3415 1313 3418 κ

153 3456 246 3520 waldi
279 3456 412 3521 domum
419 3456 614 3556 presertim
647 3455 781 3520 inimicis
816 3455 1019 3520 circundatus
1054 3455 1140 3520 solus
1174 3457 1303 3521 adisset.

153 3543 242 3609 Alias
258 3558 367 3608 autent
379 3542 428 3607 sui
443 3565 573 3628 compos
588 3544 772 3608 liberandus
784 3542 1014 3620 divertisset,
990 3566 1016 3607 ιι
1031 3543 1084 3628 pia
1098 3543 1231 3609 caritate
1243 3567 1303 3630 pro

153 3630 218 3695 suis
235 3632 321 3695 velut
337 3629 419 3694 aries
435 3630 476 3694 de
472 3652 589 3730 grege
605 3630 726 3695 electus
741 3631 827 3695 solus
842 3632 1033 3696 occumbere
1050 3655 1113 3696 uon
1128 3632 1302 3696 maluisset.

155 3718 332 3783 Decrevit
324 3731 433 3817 itaque
449 3716 498 3780 vir
512 3716 752 3782 beatissimus
728 3740 783 3797 sic,
800 3718 852 3783 vel
867 3718 909 3783 ad
925 3717 1085 3783 modicum
1104 3719 1215 3783 mortis
1229 3740 1304 3804 pro-

154 3805 254 3871 telare
269 3804 473 3883 sententiam,
490 3804 542 3869 cui
557 3817 663 3878 tamen
678 3804 926 3871 ferventissimus
938 3829 1028 3870 amor
1039 3806 1152 3884 inerat,
1166 3806 1303 3906 liberato

154 3893 274 3976 populo
284 3892 452 3993 pervenire
468 3891 560 3957 citius
575 3892 618 3957 ad
633 3915 795 3958 coronam.
844 3893 887 3957 Et
902 3894 984 3958 bene
1000 3892 1059 3957 sibi
1074 3893 1229 3994 conscius,
1246 3892 1305 3954 do-

156 4001 243 4042 mum
266 3979 314 4044 sui
335 3979 497 4045 traditoris
518 4002 592 4044 cum
610 4003 675 4044 uno
697 3993 824 4045 tantum
841 3980 966 4045 milite
958 3981 1189 4081 imperterritus
1205 3977 1303 4054 adiit3

155 4065 282 4130 imitans
296 4067 385 4131 illum
405 4090 459 4153 qur
451 4068 633 4131 mundum
651 4068 875 4152 redempturus
894 4090 958 4131 non
970 4068 1102 4184 invitus,
1118 4066 1176 4131 sed
1191 4064 1304 4148 sponte

153 4153 262 4219 locum
286 4177 352 4218 suae
372 4154 525 4255 passionis
549 4154 694 4240 appetiit
742 4155 846 4227 “Qui
871 4155 978 4232 enim‚'
980 4155 1108 4240 'inquit
1128 4152 1303 4231 Johannes,

156 4251 180 4282 “
197 4240 289 4305 vult
281 4265 313 4304 ιιι
332 4241 440 4306 Cristo
454 4264 594 4319 manere,
617 4241 715 4306 debet
730 4241 812 4305 sicut
828 4243 881 4306 ille
904 4241 1090 4342 ambulavit,
1108 4254 1141 4304 et
1156 4239 1223 4336 ipse
1238 4261 1306 4304 am-

154 4328 296 4394 bulare.''
335 4327 444 4392 Felix
436 4342 544 4417 itaque
556 4327 741 4430 discipulus,
753 4328 900 4394 felicem
892 4329 1032 4393 imitatus
1044 4341 1094 4392 est
1104 4323 1305 4425 magistrum,

153 4415 230 4482 dum
261 4428 295 4481 et
325 4414 479 4501 magister
504 4429 613 4483 ortum
642 4414 735 4502 petiit
760 4439 825 4503 quo
850 4415 1042 4492 traderetur,
1074 4429 1108 4482 et
1132 4409 1307 4498 discipulus
