2888 5018
161 346 211 415 84
537 356 728 410 muamus
754 357 806 410 nu
832 358 936 411 onru

159 525 340 591 dedicatur.
389 526 527 589 Sanctus
557 522 675 587 exinde
703 520 836 586 Domini
866 522 929 585 illis
960 521 1080 587 diutius
1108 521 1140 585 in
1167 523 1315 608 partibus

159 613 277 677 morari
294 611 406 690 noluit,
421 612 478 675 sed
489 610 698 695 postmodum
714 609 964 675 conversationis
980 610 1112 675 alterius
1128 610 1205 675 loca
1219 611 1313 678 simul

158 717 192 765 et
208 715 283 766 vota
298 698 484 785 expetendo
498 699 704 784 permutavit.

507 1010 625 1091 [car.
650 1007 955 1091 xxxma-Arsa
969 1013 1061 1078 rata.

202 1238 365 1304 Moderno
388 1251 532 1319 ternpore
548 1233 677 1321 quidam
694 1235 844 1300 solitariae
867 1237 941 1301 vitae
958 1235 990 1300 in
1008 1236 1088 1300 silva
1104 1258 1179 1322 quae
1194 1237 1307 1322 lingua

160 1328 340 1413 Anglorum
357 1324 492 1389 Moddri
509 1322 626 1399 dictur,
639 1322 771 1406 deguit3
788 1324 842 1411 qui
859 1324 1131 1407 priusmonachus
1143 1326 1307 1409 professus

153 1417 186 1478 in
212 1413 391 1479 Lucbefeld
410 1411 528 1487 extitit,
546 1410 601 1496 qui
621 1410 813 1496 Radulphus
826 1412 866 1475 de
886 1411 992 1476 Nuers
1008 1413 1185 1480 dicebatur.
1222 1415 1307 1478 Con·

154 1502 227 1586 tigit
250 1502 388 1585 denique
421 1515 455 1561 ut
487 1498 578 1560 Prior
616 1496 724 1582 ipsius,
764 1498 851 1562 illum
884 1500 925 1563 ad
956 1500 1145 1584 sollempnia
1178 1503 1307 1566 Sanctae

154 1589 272 1652 Mariae
295 1586 454 1662 invitaret,
479 1608 552 1670 quae
576 1587 726 1650 festivitas
749 1587 934 1671 principalis
950 1589 1036 1672 apud
1069 1588 1139 1650 illos
1157 1588 1305 1653 habetur.

157 1675 223 1751 Qui
238 1675 284 1738 nil
300 1687 439 1737 moratus
456 1672 593 1736 libenter
616 1673 714 1757 patris
737 1674 785 1736 sui
806 1674 917 1738 edictis
934 1677 1158 1759 obtemperare
1184 1676 1304 1754 volens,

152 1763 307 1851 quaelibet
336 1760 507 1825 commoda
542 1773 573 1823 et
599 1761 726 1846 ydonee
766 1762 932 1845 proposito
963 1762 1066 1827 itineri
1098 1764 1302 1848 praeparavit.

156 1851 260 1917 Nocte
269 1850 368 1937 igitur
380 1849 516 1914 instante
528 1847 560 1911 in
572 1849 662 1934 cujus
673 1848 807 1911 diluculi
817 1851 976 1914 matutino
989 1864 1132 1934 tempore
1142 1851 1304 1934 proficisci

152 1940 320 2026 disposuit,
334 1951 407 2022 post
422 1936 516 2001 solito
529 1935 644 2023 quietis
660 1938 852 2022 sompnium,
869 1937 992 2022 vigilias
1006 1938 1047 2001 de
1064 1960 1154 2000 more
1167 1940 1301 2026 peregit.

153 2029 197 2093 Et
213 2050 287 2093 ecce
318 2025 426 2089 subito
442 2024 540 2090 taedio
565 2025 689 2107 soporis
706 2024 910 2109 opprimitur,
934 2048 1094 2111 soporque
1117 2029 1303 2110 repentinus

151 2118 185 2180 in
200 2138 275 2180 eum
287 2113 389 2191 irruit,
414 2127 447 2176 et
462 2134 570 2177 sensus
587 2134 697 2175 omnes
721 2111 889 2176 exterioris
905 2113 1043 2177 hominis
1067 2112 1211 2178 abstulit.
1261 2114 1303 2178 Et

152 2224 227 2268 ecce
249 2215 381 2287 repente
404 2200 452 2263 vir
472 2200 603 2287 quidam
618 2199 829 2275 veneranduS,
852 2199 1028 2284 pontificali
1043 2199 1176 2264 indutus
1192 2200 1301 2280 infula,

152 2290 183 2356 ei
195 2291 228 2354 in
244 2292 311 2354 visu
327 2287 549 2376 ymaginaliter
564 2285 673 2361 astitit,
698 2299 730 2349 et
753 2285 858 2350 verbis
875 2287 1050 2352 lenioribus
1066 2286 1169 2372 ipsum
1186 2310 1302 2353 conve-

153 2378 244 2443 niens
260 2376 378 2442 intulit.
425 2384 447 2416 “
460 2373 592 2448 Quare''
615 2371 719 2458 inquit
736 2373 870 2437 “locum
887 2377 983 2439 istum
999 2378 1030 2438 in
1047 2388 1136 2439 tanta
1151 2375 1301 2462 sollemp-

151 2465 253 2533 nitate
268 2460 435 2529 decrevisti
450 2460 608 2536 deserere,
631 2473 664 2522 et
692 2481 744 2523 me
759 2460 854 2545 hujus
877 2463 939 2525 loci
966 2463 1129 2550 quondam
1153 2463 1301 2528 colonum

153 2566 186 2619 et
215 2574 302 2619 nunc
326 2564 565 2637 procuratorem
589 2545 724 2610 servicio
749 2547 812 2612 Dei
836 2549 1026 2616 destitutum
1049 2550 1301 2637 derelinquere?

154 2640 227 2731 Ego
250 2638 378 2727 quidem
405 2659 474 2699 sum
500 2634 698 2699 Cuthbertus
727 2635 1003 2702 Lindisfarnorum
1018 2638 1182 2725 quondam
1210 2639 1302 2723 Epis·

150 2751 262 2814 copus,
279 2751 299 2791 a
315 2722 445 2790 Christo
468 2722 576 2786 divino
599 2744 732 2787 munere
756 2741 969 2804 consecratae,
986 2726 1140 2812 locusque
1152 2727 1213 2790 iste
1225 2727 1300 2791 olim

154 2839 225 2880 mea
248 2810 477 2878 habitationea
494 2810 568 2874 Deo
584 2809 799 2877 sanctificatus
813 2815 878 2878 est'’
925 2813 1072 2900 Antiquis
1083 2835 1160 2876 vero
1177 2828 1300 2899 tempo·

152 2903 240 2968 ribus
257 2901 327 2963 baec
345 2901 458 2963 Sancti
470 2898 642 2962 Cuthberti
654 2899 759 2981 platea
774 2900 950 2978 dicebatur,
962 2902 1037 2988 quia
1049 2900 1202 2988 quicquid
1218 2902 1301 2967 intra

153 2990 243 3054 istius
269 3009 342 3051 arce
368 3000 459 3070 septa
489 2985 659 3049 introierat
686 2987 821 3051 illaesum
852 2990 893 3052 ab
924 2989 1011 3052 omni
1038 2992 1171 3052 incursu
1186 2990 1299 3055 rabido

151 3077 289 3143 ferarum
305 3074 370 3139 sive
385 3073 552 3137 bominum
578 3074 738 3138 custodire
765 3091 986 3142 consueverat.
1034 3076 1166 3142 “Unde
1181 3100 1299 3142 moneo

151 3180 187 3230 ut
204 3165 336 3230 ulterius
352 3162 458 3226 locum
474 3184 579 3224 meum
604 3162 733 3226 servitio
759 3163 822 3227 Dei
846 3166 1026 3230 desolatum
1053 3188 1118 3228 non
1135 3164 1297 3230 ‹leseras.’'

155 3252 282 3325 Quibus
297 3251 402 3327 dietis,
415 3247 463 3313 vir
479 3249 543 3311 Dei
560 3272 579 3312 a
605 3249 685 3314 facie
701 3250 785 3315 illius
802 3254 941 3331 evanuit,
959 3269 991 3318 et
1006 3251 1166 3317 solitarius
1186 3253 1241 3317 ille
1263 3253 1296 3317 in

149 3362 183 3404 se
200 3360 343 3404 reversus
360 3359 455 3425 quam
479 3335 573 3401 citius
589 3337 630 3401 de
646 3339 770 3422 sompni
783 3338 903 3405 visione
918 3343 1066 3417 surrexit,
1084 3342 1296 3425 stupefactus·

148 3449 211 3514 que
227 3440 259 3491 et
282 3438 503 3490 consternatus
526 3424 645 3489 diutius
669 3449 776 3490 secum
808 3450 904 3512 super
929 3429 1113 3515 hujusmodi
1140 3427 1295 3493 visionem

147 3515 306 3591 turbatur,
319 3514 510 3601 etquicquid
522 3512 676 3578 revelatio
688 3514 757 3598 ipsa
766 3517 975 3597 protenderet
989 3517 1174 3580 examinare
1184 3517 1292 3600 coepit.

148 3603 200 3666 De
232 3603 336 3666 Beato
357 3602 486 3690 quidem
512 3601 695 3666 Cuthberto
725 3602 824 3664 nichil
855 3617 986 3667 eatenus
1016 3616 1161 3670 noverat.
1211 3603 1294 3668 Cum

146 3690 217 3754 haec
232 3711 340 3754 secum
357 3704 463 3754 mente
488 3691 586 3754 tacita
609 3688 761 3765 volveret,
790 3689 898 3754 subito
925 3713 1042 3755 aurora
1056 3691 1181 3754 oriente
1196 3712 1293 3755 senex

146 3777 276 3865 quidam
295 3791 463 3843 veteranus
479 3777 520 3841 ad
551 3776 637 3839 iores
664 3774 736 3837 atrii
761 3779 927 3842 exterioris
958 3778 1069 3856 astitit,
1086 3792 1118 3843 et
1134 3777 1293 3863 pulsando

143 3868 246 3931 acrius
263 3882 295 3931 et
308 3867 478 3931 clamando
493 3865 620 3947 saepius,
644 3861 765 3925 aditum
790 3877 897 3929 tamen
913 3892 932 3931 a
947 3867 1098 3930 ministris
1121 3868 1293 3950 impetrare

144 3976 208 4018 non
224 3956 341 4040 potuit.
389 3955 483 4018 Tunc
499 3950 552 4013 ille
569 3948 789 4014 vehementius
814 3953 936 4018 aditum
959 3954 1137 4040 postulans,
1166 3975 1292 4038 semper

148 4041 241 4107 Beati
259 4041 431 4108 Cuthberti
446 4034 658 4123 patrocinium
674 4051 706 4100 ct
736 4040 891 4104 auxilium
922 4041 1093 4109 invocavit.
1142 4041 1291 4104 Tandem

144 4130 304 4195 solitarius
316 4128 461 4202 audiens,
470 4125 668 4208 januamque
679 4127 834 4210 aperiens,
846 4151 945 4213 quare
959 4130 1114 4194 Sanctum
1126 4128 1289 4193 Cuthber-

142 4230 212 4286 tum
229 4219 343 4283 totiens
359 4211 550 4298 importunis
562 4211 693 4275 vocibus
710 4214 880 4297 impeteret
890 4215 1075 4305 diligentius
1089 4217 1288 4305 perquisivit.

144 4304 241 4372 Tunc
257 4321 366 4380 senex,
379 4307 401 4344 “
410 4300 518 4367 locum
528 4297 624 4365 istum
632 4297 725 4369 Beati
737 4299 907 4371 Cuthberti
918 4304 1102 4376 dedicatum
1114 4299 1246 4383 nomini,
1257 4315 1291 4370 et
