2888 5018
543 424 654 473 sams
682 423 903 472 cuntorum.
1247 407 1297 473 53

144 587 204 652 vix
218 585 378 672 reptando
393 585 591 651 conscendit.
638 585 721 650 Cum
738 598 846 649 autem
862 582 894 646 in
911 583 1011 647 altare
1026 583 1225 661 consisteret,
1243 583 1301 647 de·

144 674 256 741 bilitas
270 673 331 739 sibi
346 672 490 760 requiem
513 672 729 738 mendicabat.
774 671 923 735 Tandem
938 669 971 733 in
986 692 1020 735 se
1036 692 1190 748 reversus,
1214 669 1300 735 utral-

145 785 214 849 que
234 784 333 826 mann
357 761 473 846 pallam
492 761 601 825 Sancti
618 758 770 845 Martyris
793 757 937 841 arripuit,
954 757 1164 844 manibusque
1179 757 1302 822 combi-

145 848 234 914 natis
257 848 372 913 fortius
398 847 546 925 elevavit,
575 847 721 923 attraxit,
750 859 786 909 ut
815 844 925 910 Sancti
954 845 1104 908 scrinium
1133 845 1299 909 decentius

146 935 303 1021 operiret.
350 935 440 1000 Dum
462 951 570 999 autem
593 933 704 998 annisu
727 932 860 996 fortiore
884 931 1001 1016 pallam
1023 932 1181 996 elevatam
1199 945 1300 996 attra-

147 1024 254 1101 heret,
272 1045 315 1086 ex
326 1022 395 1107 ipso
408 1023 489 1086 flatu
504 1021 651 1086 demissae
666 1019 761 1106 pallae
776 1020 865 1083 mirae
882 1019 1046 1085 suavitatis
1056 1020 1137 1084 odor
1152 1041 1299 1103 egressus

149 1124 213 1188 est,
230 1109 286 1196 qui
310 1132 368 1194 per
394 1132 429 1173 os
457 1123 489 1173 et
512 1131 604 1172 nares
620 1109 709 1171 illum
725 1108 856 1185 intrans,
875 1119 980 1171 totum
995 1130 1109 1192 corpus
1125 1109 1193 1192 ejus
1209 1105 1299 1192 quasi

147 1220 216 1274 ros,
233 1196 331 1259 immo
347 1197 421 1260 vere
445 1219 497 1260 ros
521 1196 578 1259 sed
600 1195 724 1259 divinus
741 1194 898 1271 irroravit,
922 1194 1089 1281 ipsumque
1111 1193 1299 1257 mirabiliter

148 1283 287 1360 refecit3
314 1285 360 1348 ita
375 1296 410 1348 ut
426 1305 490 1346 non
503 1283 640 1346 subitam
656 1281 825 1346 sanitatem
841 1293 1042 1368 agnosceret,
1060 1304 1118 1344 nec
1134 1280 1239 1345 adhuc
1250 1279 1299 1343 in-

148 1371 279 1434 firmum
295 1393 364 1434 esse
379 1370 522 1434 sentiret.
569 1371 613 1433 Et
627 1369 701 1453 apte
716 1369 791 1432 satis
806 1369 902 1431 bonae
912 1367 1026 1432 mentis
1042 1367 1188 1445 intenti0,
1204 1366 1299 1430 tantis
1375 1394 1377 1399 ⁴

151 1458 272 1522 meruit
294 1457 408 1520 donari
431 1456 639 1529 muneribus3
663 1479 735 1542 quae
751 1478 814 1518 non
830 1456 932 1518 fidens
948 1454 982 1517 in
1004 1455 1145 1531 homine,
1163 1454 1300 1517 nullate-

149 1567 212 1609 nus
227 1543 334 1628 posuit
356 1566 485 1609 caruem
508 1543 674 1608 brachium
685 1565 792 1618 snum,
809 1542 867 1606 sed
880 1541 1021 1626 speravit
1037 1541 1069 1604 in
1086 1540 1228 1606 Domino
1243 1540 1300 1627 qui

143 1631 186 1695 in
203 1631 329 1697 Sanctis
351 1630 477 1716 operari
499 1631 581 1694 mira
603 1653 668 1692 uon
690 1629 819 1692 desinit.
868 1629 910 1692 Et
934 1651 1032 1715 quum
1055 1642 1124 1694 erat
1140 1626 1299 1693 Dominus

147 1718 272 1788 fiducia
286 1721 366 1805 ejus,
384 1718 531 1782 misertus
547 1731 596 1781 est
613 1716 704 1781 Deus
715 1716 809 1793 illius,
827 1716 869 1780 ob
885 1717 1098 1803 meritumque
1113 1718 1208 1781 bonae
1222 1715 1300 1781 fidei

141 1807 276 1873 ‚Sancto
291 1829 350 1870 suo
363 1807 532 1882 concessit,
549 1817 585 1868 ut
603 1827 663 1868 rex
685 1804 820 1867 militem
842 1826 935 1868 suum
957 1827 1079 1891 aegrum
1095 1802 1297 1881 incolumem,

150 1915 214 1978 pro
236 1892 402 1977 stipendiis
424 1892 558 1970 militiae,
574 1891 672 1956 celeri
693 1891 829 1955 sanitate
853 1891 1009 1967 donaret3
1033 1891 1065 1954 iu
1088 1892 1176 1975 cujus
1193 1903 1301 1955 tamen

147 1979 331 2045 subtilitate
346 1979 490 2058 misterii,
508 1992 640 2064 operata
662 1991 712 2042 est
731 1978 890 2042 subtiliter
910 1977 1045 2041 mutatio
1061 1978 1207 2041 dexterae
1233 1977 1302 2040 Ex·

153 2067 243 2132 celsi.
289 2067 561 2154 Descendensque
582 2067 622 2130 ab
645 2065 739 2129 altari
755 2087 846 2128 novae
861 2065 971 2129 salutis
995 2065 1131 2141 nescius,
1147 2064 1297 2149 psalmos,

151 2177 235 2254 qnos
262 2175 321 2239 pro
349 2154 503 2240 Martyris
526 2152 678 2239 obsequio
698 2152 872 2230 dimiserat,
889 2151 1028 2237 repetiit.
1075 2153 1200 2216 Locum
1216 2151 1301 2216 enirn

149 2241 303 2327 signavit,
329 2265 403 2306 cnm
426 2241 460 2304 in
489 2241 590 2305 altare
619 2240 864 2304 conscenderet.
927 2241 1010 2304 Cum
1034 2253 1143 2305 autem
1169 2241 1302 2306 eosdem

152 2330 298 2406 iteraret,
314 2329 457 2414 repperit
479 2351 513 2393 se
535 2351 605 2392 esse
627 2327 711 2390 inter
725 2328 784 2390 hos
800 2327 881 2391 duos
896 2327 1044 2412 psalmos,
1094 2331 1195 2408 Quam
1210 2332 1304 2396 bonae

153 2417 261 2482 Israel
274 2419 372 2495 Deua,
390 2428 435 2494 et,
457 2418 500 2482 Ut
511 2418 589 2499 quid
602 2418 711 2480 Dens:
734 2415 883 2501 quatinus
903 2417 1002 2480 frater
1023 2415 1075 2481 ille
1098 2417 1300 2501 perpendens

146 2526 200 2572 ex
223 2503 326 2568 salute
348 2504 511 2588 perceth
528 2525 624 2588 quam
645 2502 748 2566 bonus
768 2502 856 2567 Deus
879 2503 978 2567 lsrael
996 2504 1093 2568 fuerit
1109 2503 1150 2582 ei,
1168 2504 1301 2569 ulterius

155 2605 310 2678 tanquam
321 2590 491 2675 inportune
503 2589 710 2667 condiceret,
727 2592 801 2655 “Ut
814 2595 891 2673 quid
903 2596 990 2656 Deus
1001 2596 1142 2671 repulisti
1153 2595 1301 2673 infitiata,

156 2700 247 2742 meas
258 2677 378 2741 sedicet
393 2700 503 2762 preces
519 2700 577 2760 pro
593 2677 695 2741 salute
710 2678 812 2754 med?
828 2675 929 2742 sciens
945 2700 1003 2761 per
1020 2679 1172 2759 Martyris
1188 2678 1304 2743 merita

158 2788 194 2831 sa
209 2764 383 2829 efficaciter
397 2764 596 2829 exauditum.
639 2764 677 2826 ln
689 2786 722 2827 se
735 2786 812 2847 ergo
821 2786 977 2839 reversus,
991 2762 1209 2844 evangelicum
1221 2763 1303 2828 illud

147 2852 361 2928 memoravit,
379 2851 453 2939 quia
468 2852 580 2916 decem
603 2849 748 2914 mundati
767 2862 851 2926 sunt,
875 2873 948 2914 cum
964 2849 1141 2933 alienigena
1163 2849 1301 2928 rediens,

160 2939 237 3005 Deo
261 2953 295 3003 et
314 2939 433 3003 Sancto
460 2940 528 3023 ejus
553 2937 720 3025 magnifice
744 2937 861 3021 gratias
888 2937 976 3026 egit:
1001 2951 1034 3001 et
1057 2937 1102 2999 ita
1123 2958 1197 2999 cnm
1220 2950 1305 3002 esset

153 3026 264 3093 lactus
288 3048 408 3110 sospes,
428 3026 563 3090 ulterius
589 3026 674 3088 nulla
697 3047 771 3087 enm
794 3024 935 3108 pristinoe
955 3023 1144 3088 infirmitatis
1160 3024 1306 3090 molestia

157 3113 372 3178 contristavit.
431 3115 515 3178 Cum
539 3128 646 3177 autem
672 3125 745 3196 post
767 3112 900 3175 fratrum
916 3112 1122 3176 refectionem
1140 3111 1238 3175 frater
1253 3111 1306 3177 illc

161 3201 320 3278 reficeret,
338 3200 439 3265 visum
455 3215 504 3265 est
519 3200 560 3277 ei,
578 3201 653 3287 quia
668 3199 819 3286 quicquid
835 3199 888 3262 illo
904 3200 956 3264 die
972 3201 1172 3274 comedebat,
1190 3198 1306 3264 eodem

160 3287 260 3353 fuerit
285 3287 423 3352 mirabili
448 3288 630 3352 confectum
655 3289 766 3351 odore.
816 3287 913 3352 Unde
936 3310 1003 3371 prae
1027 3287 1123 3350 nimia
1141 3286 1306 3351 suavitatis

161 3374 337 3460 fragrantia
351 3374 456 3439 laetior
471 3376 616 3452 ell'ectus,
633 3390 762 3458 sumpto
778 3374 901 3438 avidius
913 3374 985 3438 cibo
997 3373 1169 3459 plurimum
1181 3373 1309 3438 confor-

162 3474 248 3527 tatus
270 3475 331 3526 est.
377 3463 453 3547 Ipso
467 3476 575 3526 autem
592 3476 736 3547 tempore
760 3462 859 3526 frater
881 3461 965 3525 idem
981 3462 1074 3549 gutta
1089 3460 1227 3545 graviori
1243 3475 1310 3526 tor-

165 3551 326 3649 quebatur
341 3549 374 3612 iu
388 3550 529 3627 renibus,
546 3549 675 3635 ipsaque
686 3548 912 3627 invalescente,
930 3547 1153 3632 supplicationi
1168 3549 1306 3627 letaniae,

164 3636 240 3701 licet
257 3637 321 3714 vix,
339 3651 447 3701 tamen
464 3660 535 3701 cum
552 3636 702 3700 lintribus
718 3635 872 3699 interfuit.
927 3635 1113 3723 Dolensqne
1132 3636 1309 3700 Dominum

166 3739 199 3788 ct
219 3725 372 3788 Sanctum
387 3725 454 3808 ejus
470 3725 661 3808 precabatur
677 3724 797 3799 dicens,
824 3732 846 3763 “
864 3723 981 3787 Sancte
1007 3723 1147 3801 Oswine,
1164 3725 1248 3788 bene
1263 3723 1311 3790 fe·

166 3810 238 3875 cisti
264 3810 341 3875 mihi
367 3811 494 3875 reddita
517 3810 651 3895 pristina
674 3810 824 3885 sanitate;
848 3827 992 3894 superest
1010 3823 1116 3876 autem
1134 3824 1170 3875 ut
1186 3833 1223 3875 ea
1238 3834 1310 3897 quoe

164 3898 250 3962 bene
276 3897 412 3981 coepisti,
434 3900 498 3962 line
524 3898 683 3982 compleas
707 3896 853 3961 meliori:
877 3899 918 3962 ab
943 3897 1004 3961 hoc
1031 3922 1107 3983 ergo
1134 3897 1311 3962 imminenti

167 3985 280 4050 dolore
302 3985 404 4049 libera
425 4008 477 4049 me
502 3986 673 4050 Domine.’'
720 3984 833 4060 Dixit3
857 3997 889 4049 et
912 3985 1150 4050 cumfratribus
1173 4007 1241 4048 sese
1258 3984 1313 4048 vix

166 4072 339 4157 prostravit
354 4072 396 4137 de
424 4072 533 4138 Sancti
557 4095 752 4157 praesumens
769 4072 899 4150 meritiS,
916 4072 1211 4158 supplicationeque
1227 4093 1314 4134 com·

161 4159 256 4244 ,plera
270 4159 420 4238 surrexit,
438 4173 471 4223 et
487 4160 575 4224 nulla
586 4160 617 4223 in
641 4182 675 4224 se
691 4159 832 4244 pristinae
849 4159 1039 4224 infirmitatis
1056 4157 1190 4241 vestigia
1204 4157 1313 4224 sensit.

171 4246 239 4312 Sed
253 4270 314 4311 nec
329 4246 444 4332 ipsum,
455 4262 492 4311 nt
507 4267 620 4331 postea
634 4259 828 4332 protestatus
845 4259 905 4323 est,
919 4247 973 4310 illa
987 4244 1146 4330 aegritudo
1162 4242 1194 4306 in
1206 4244 1314 4332 aliquo

166 4334 379 4410 contristavit,
396 4333 642 4422 necquicquam
664 4333 820 4399 molestiae
843 4333 961 4398 intulit.
1012 4334 1042 4398 Ο
1064 4331 1224 4396 medicum
1247 4334 1315 4399 sold

167 4421 263 4487 bonae
279 4421 393 4489 mentis
409 4420 586 4488 intentione
602 4421 773 4501 devictum,
785 4421 840 4508 qui
856 4442 914 4506 pro
930 4434 1030 4485 tanta
1044 4417 1209 4505 parvitatis
1222 4422 1314 4488 obse·
