<?xml version="1.0" encoding="UTF-8"?>
<!DOCTYPE html PUBLIC "-//W3C//DTD XHTML 1.0 Transitional//EN"
    "http://www.w3.org/TR/xhtml1/DTD/xhtml1-transitional.dtd">
<html xmlns="http://www.w3.org/1999/xhtml" xml:lang="en" lang="en">
 <head>
  <title>
</title>
<meta http-equiv="Content-Type" content="text/html;charset=utf-8" />
  <meta name='ocr-system' content='tesseract 3.04.00' />
  <meta name='ocr-capabilities' content='ocr_page ocr_carea ocr_par ocr_line ocrx_word'/>
</head>
<body>
  <div class='ocr_page' id='page_1' title='image "./miscellaneabiog00raingoog_0073.png"; bbox 0 0 2888 5018; ppageno 0'>
   <div class='ocr_carea' id='block_1_1' title="bbox 166 361 878 430">
    <p class='ocr_par' dir='ltr' id='par_1_1' title="bbox 166 361 878 430">
     <span class='ocr_line' id='line_1_1' title="bbox 166 361 878 430; baseline 0 -6"><span class='ocrx_word' id='word_1_1' title='bbox 166 361 217 430; x_wconf 75' lang='lat' dir='ltr'><strong><em>ot</em></strong></span> <span class='ocrx_word' id='word_1_2' title='bbox 549 390 551 395; x_wconf 96' lang='lat'>·</span> <span class='ocrx_word' id='word_1_3' title='bbox 611 377 705 426; x_wconf 74' lang='lat' dir='ltr'><strong><em>vrrs</em></strong></span> <span class='ocrx_word' id='word_1_4' title='bbox 732 373 878 428; x_wconf 73' lang='lat' dir='ltr'><strong><em>oswius</em></strong></span> 
     </span>
    </p>
   </div>
   <div class='ocr_carea' id='block_1_2' title="bbox 161 534 1310 1061">
    <p class='ocr_par' dir='ltr' id='par_1_2' title="bbox 161 534 1310 1061">
     <span class='ocr_line' id='line_1_2' title="bbox 166 534 1310 626; baseline 0.002 -24"><span class='ocrx_word' id='word_1_5' title='bbox 166 538 245 626; x_wconf 89' lang='lat' dir='ltr'><strong><em>quio</em></strong></span> <span class='ocrx_word' id='word_1_6' title='bbox 262 551 361 604; x_wconf 84' lang='lat' dir='ltr'><strong><em>tantae</em></strong></span> <span class='ocrx_word' id='word_1_7' title='bbox 375 537 527 602; x_wconf 90' lang='lat' dir='ltr'><strong><em>bonitatis</em></strong></span> <span class='ocrx_word' id='word_1_8' title='bbox 547 539 680 623; x_wconf 85' lang='lat' dir='ltr'><strong><em>praemia</em></strong></span> <span class='ocrx_word' id='word_1_9' title='bbox 698 539 844 624; x_wconf 87' lang='lat' dir='ltr'><strong><em>largitur.</em></strong></span> <span class='ocrx_word' id='word_1_10' title='bbox 893 538 988 601; x_wconf 90' lang='lat' dir='ltr'><strong><em>Anno</em></strong></span> <span class='ocrx_word' id='word_1_11' title='bbox 1004 548 1114 602; x_wconf 92' lang='lat' dir='ltr'><strong><em>autem</em></strong></span> <span class='ocrx_word' id='word_1_12' title='bbox 1131 534 1310 604; x_wconf 75' lang='lat' dir='ltr'><strong><em>Dominicis</em></strong></span> 
     </span>
     <span class='ocr_line' id='line_1_3' title="bbox 165 623 1310 711; baseline 0.003 -22"><span class='ocrx_word' id='word_1_13' title='bbox 165 625 392 690; x_wconf 87' lang='lat' dir='ltr'><strong><em>incarnationis</em></strong></span> <span class='ocrx_word' id='word_1_14' title='bbox 408 625 576 689; x_wconf 91' lang='lat' dir='ltr'><strong><em>millesimo</em></strong></span> <span class='ocrx_word' id='word_1_15' title='bbox 592 627 767 691; x_wconf 90' lang='lat' dir='ltr'><strong><em>centesimo</em></strong></span> <span class='ocrx_word' id='word_1_16' title='bbox 780 625 978 709; x_wconf 87' lang='lat' dir='ltr'><strong><em>octogesimo</em></strong></span> <span class='ocrx_word' id='word_1_17' title='bbox 993 636 1119 711; x_wconf 89' lang='lat' dir='ltr'><strong><em>quarto,</em></strong></span> <span class='ocrx_word' id='word_1_18' title='bbox 1138 623 1310 692; x_wconf 71' lang='lat' dir='ltr'><strong><em>anomia</em></strong></span> 
     </span>
     <span class='ocr_line' id='line_1_4' title="bbox 165 711 1310 798; baseline 0.002 -22"><span class='ocrx_word' id='word_1_19' title='bbox 165 713 287 776; x_wconf 79' lang='lat' dir='ltr'><strong><em>sactum</em></strong></span> <span class='ocrx_word' id='word_1_20' title='bbox 303 728 352 777; x_wconf 91' lang='lat' dir='ltr'><strong><em>est</em></strong></span> <span class='ocrx_word' id='word_1_21' title='bbox 368 712 464 789; x_wconf 89' lang='lat' dir='ltr'><strong><em>istud,</em></strong></span> <span class='ocrx_word' id='word_1_22' title='bbox 482 724 515 777; x_wconf 90' lang='lat' dir='ltr'><strong><em>et</em></strong></span> <span class='ocrx_word' id='word_1_23' title='bbox 539 725 588 776; x_wconf 90' lang='lat' dir='ltr'><strong><em>est</em></strong></span> <span class='ocrx_word' id='word_1_24' title='bbox 612 713 756 778; x_wconf 88' lang='lat' dir='ltr'><strong><em>mirabile</em></strong></span> <span class='ocrx_word' id='word_1_25' title='bbox 776 714 808 776; x_wconf 94' lang='lat' dir='ltr'><strong><em>in</em></strong></span> <span class='ocrx_word' id='word_1_26' title='bbox 824 712 923 776; x_wconf 91' lang='lat' dir='ltr'><strong><em>oculis</em></strong></span> <span class='ocrx_word' id='word_1_27' title='bbox 938 712 1074 787; x_wconf 84' lang='lat' dir='ltr'><strong><em>nostris3</em></strong></span> <span class='ocrx_word' id='word_1_28' title='bbox 1099 711 1235 798; x_wconf 90' lang='lat' dir='ltr'><strong><em>quiade</em></strong></span> <span class='ocrx_word' id='word_1_29' title='bbox 1251 728 1310 778; x_wconf 88' lang='lat' dir='ltr'><strong><em>tam</em></strong></span> 
     </span>
     <span class='ocr_line' id='line_1_5' title="bbox 161 799 1310 886; baseline 0.002 -24"><span class='ocrx_word' id='word_1_30' title='bbox 161 799 269 864; x_wconf 70' lang='lat' dir='ltr'><strong><em>subita</em></strong></span> <span class='ocrx_word' id='word_1_31' title='bbox 284 814 317 865; x_wconf 91' lang='lat' dir='ltr'><strong><em>et</em></strong></span> <span class='ocrx_word' id='word_1_32' title='bbox 332 799 428 864; x_wconf 89' lang='lat' dir='ltr'><strong><em>celeri</em></strong></span> <span class='ocrx_word' id='word_1_33' title='bbox 444 799 579 864; x_wconf 88' lang='lat' dir='ltr'><strong><em>sanitate</em></strong></span> <span class='ocrx_word' id='word_1_34' title='bbox 588 801 696 865; x_wconf 87' lang='lat' dir='ltr'><strong><em>mirari</em></strong></span> <span class='ocrx_word' id='word_1_35' title='bbox 711 822 878 886; x_wconf 91' lang='lat' dir='ltr'><strong><em>possumus</em></strong></span> <span class='ocrx_word' id='word_1_36' title='bbox 891 823 899 875; x_wconf 92' lang='lat'>;</span> <span class='ocrx_word' id='word_1_37' title='bbox 916 799 973 863; x_wconf 88' lang='lat' dir='ltr'><strong><em>sed</em></strong></span> <span class='ocrx_word' id='word_1_38' title='bbox 987 799 1034 863; x_wconf 88' lang='lat' dir='ltr'><strong><em>rei</em></strong></span> <span class='ocrx_word' id='word_1_39' title='bbox 1049 812 1152 884; x_wconf 86' lang='lat' dir='ltr'><strong><em>gestae</em></strong></span> <span class='ocrx_word' id='word_1_40' title='bbox 1167 811 1310 864; x_wconf 88' lang='lat' dir='ltr'><strong><em>naturam</em></strong></span> 
     </span>
     <span class='ocr_line' id='line_1_6' title="bbox 161 885 1309 972; baseline 0.002 -22"><span class='ocrx_word' id='word_1_41' title='bbox 161 899 198 950; x_wconf 89' lang='lat' dir='ltr'><strong><em>et</em></strong></span> <span class='ocrx_word' id='word_1_42' title='bbox 213 886 344 951; x_wconf 89' lang='lat' dir='ltr'><strong><em>modum</em></strong></span> <span class='ocrx_word' id='word_1_43' title='bbox 368 887 560 972; x_wconf 81' lang='lat' dir='ltr'><strong><em>investigare</em></strong></span> <span class='ocrx_word' id='word_1_44' title='bbox 575 910 639 952; x_wconf 91' lang='lat' dir='ltr'><strong><em>non</em></strong></span> <span class='ocrx_word' id='word_1_45' title='bbox 655 889 809 965; x_wconf 84' lang='lat' dir='ltr'><strong><em>valemus,</em></strong></span> <span class='ocrx_word' id='word_1_46' title='bbox 825 910 900 951; x_wconf 89' lang='lat' dir='ltr'><strong><em>cum</em></strong></span> <span class='ocrx_word' id='word_1_47' title='bbox 922 908 987 949; x_wconf 92' lang='lat' dir='ltr'><strong><em>non</em></strong></span> <span class='ocrx_word' id='word_1_48' title='bbox 1002 885 1043 953; x_wconf 85' lang='lat' dir='ltr'><strong><em>sit</em></strong></span> <span class='ocrx_word' id='word_1_49' title='bbox 1058 898 1207 950; x_wconf 90' lang='lat' dir='ltr'><strong><em>nostrum</em></strong></span> <span class='ocrx_word' id='word_1_50' title='bbox 1221 903 1309 952; x_wconf 86' lang='lat' dir='ltr'><strong><em>nosse</em></strong></span> 
     </span>
     <span class='ocr_line' id='line_1_7' title="bbox 163 973 1188 1061; baseline -0.001 -24"><span class='ocrx_word' id='word_1_51' title='bbox 163 987 310 1058; x_wconf 82' lang='lat' dir='ltr'><strong><em>tempora</em></strong></span> <span class='ocrx_word' id='word_1_52' title='bbox 325 973 376 1038; x_wconf 87' lang='lat' dir='ltr'><strong><em>vel</em></strong></span> <span class='ocrx_word' id='word_1_53' title='bbox 392 988 555 1039; x_wconf 88' lang='lat' dir='ltr'><strong><em>momenta</em></strong></span> <span class='ocrx_word' id='word_1_54' title='bbox 569 997 641 1061; x_wconf 89' lang='lat' dir='ltr'><strong><em>quae</em></strong></span> <span class='ocrx_word' id='word_1_55' title='bbox 661 975 759 1039; x_wconf 89' lang='lat' dir='ltr'><strong><em>Pater</em></strong></span> <span class='ocrx_word' id='word_1_56' title='bbox 772 973 881 1060; x_wconf 88' lang='lat' dir='ltr'>posuit</span> <span class='ocrx_word' id='word_1_57' title='bbox 897 974 928 1037; x_wconf 89' lang='lat' dir='ltr'><strong><em>iu</em></strong></span> <span class='ocrx_word' id='word_1_58' title='bbox 944 974 1001 1037; x_wconf 73' lang='lat' dir='ltr'><strong><em>sua</em></strong></span> <span class='ocrx_word' id='word_1_59' title='bbox 1015 985 1188 1058; x_wconf 84' lang='lat' dir='ltr'><strong>potestate.</strong></span> 
     </span>
    </p>
   </div>
   <div class='ocr_carea' id='block_1_3' title="bbox 206 1235 1268 1388">
    <p class='ocr_par' dir='ltr' id='par_1_3' title="bbox 206 1235 1268 1388">
     <span class='ocr_line' id='line_1_8' title="bbox 206 1235 1268 1320; baseline -0.004 -18"><span class='ocrx_word' id='word_1_60' title='bbox 206 1238 306 1304; x_wconf 84' lang='lat' dir='ltr'><em>CAP.</em></span> <span class='ocrx_word' id='word_1_61' title='bbox 316 1236 404 1302; x_wconf 88' lang='lat' dir='ltr'><strong><em>XLI</em></strong></span> <span class='ocrx_word' id='word_1_62' title='bbox 406 1240 515 1302; x_wconf 87' lang='lat' dir='ltr'><strong><em>.-De</em></strong></span> <span class='ocrx_word' id='word_1_63' title='bbox 527 1241 615 1301; x_wconf 80' lang='lat' dir='ltr'><strong><em>arcis</em></strong></span> <span class='ocrx_word' id='word_1_64' title='bbox 625 1258 695 1320; x_wconf 82' lang='lat' dir='ltr'><strong><em>qnae</em></strong></span> <span class='ocrx_word' id='word_1_65' title='bbox 709 1238 746 1301; x_wconf 85' lang='lat' dir='ltr'><strong><em>de</em></strong></span> <span class='ocrx_word' id='word_1_66' title='bbox 758 1238 865 1302; x_wconf 80' lang='lat' dir='ltr'><strong><em>Sancti</em></strong></span> <span class='ocrx_word' id='word_1_67' title='bbox 875 1236 1001 1299; x_wconf 83' lang='lat' dir='ltr'><strong><em>decimis</em></strong></span> <span class='ocrx_word' id='word_1_68' title='bbox 1005 1236 1128 1317; x_wconf 77' lang='lat' dir='ltr'><strong><em>fraude</em></strong></span> <span class='ocrx_word' id='word_1_69' title='bbox 1142 1235 1268 1299; x_wconf 76' lang='lat' dir='ltr'><strong><em>saltatis</em></strong></span> 
     </span>
     <span class='ocr_line' id='line_1_9' title="bbox 543 1325 924 1388; baseline -0.01 0"><span class='ocrx_word' id='word_1_70' title='bbox 543 1326 694 1388; x_wconf 80' lang='lat' dir='ltr'><strong><em>comedere</em></strong></span> <span class='ocrx_word' id='word_1_71' title='bbox 705 1344 764 1388; x_wconf 84' lang='lat' dir='ltr'><strong><em>non</em></strong></span> <span class='ocrx_word' id='word_1_72' title='bbox 775 1325 924 1387; x_wconf 83' lang='lat' dir='ltr'><strong><em>valebant.</em></strong></span> 
     </span>
    </p>
   </div>
   <div class='ocr_carea' id='block_1_4' title="bbox 78 1493 1307 4458">
    <p class='ocr_par' dir='ltr' id='par_1_4' title="bbox 78 1493 1307 4458">
     <span class='ocr_line' id='line_1_10' title="bbox 206 1493 1307 1582; baseline -0.002 -21"><span class='ocrx_word' id='word_1_73' title='bbox 206 1496 307 1561; x_wconf 89' lang='lat' dir='ltr'><strong><em>Aliud</em></strong></span> <span class='ocrx_word' id='word_1_74' title='bbox 330 1519 461 1582; x_wconf 91' lang='lat' dir='ltr'><strong><em>quoque</em></strong></span> <span class='ocrx_word' id='word_1_75' title='bbox 484 1496 672 1561; x_wconf 84' lang='lat' dir='ltr'>miraculum</span> <span class='ocrx_word' id='word_1_76' title='bbox 692 1497 873 1581; x_wconf 87' lang='lat' dir='ltr'><strong><em>accepimus</em></strong></span> <span class='ocrx_word' id='word_1_77' title='bbox 888 1494 1003 1558; x_wconf 89' lang='lat' dir='ltr'><strong><em>nostris</em></strong></span> <span class='ocrx_word' id='word_1_78' title='bbox 1020 1493 1220 1578; x_wconf 81' lang='lat' dir='ltr'><strong>temporibus</strong></span> <span class='ocrx_word' id='word_1_79' title='bbox 1236 1516 1307 1559; x_wconf 92' lang='lat' dir='ltr'><strong><em>con·</em></strong></span> 
     </span>
     <span class='ocr_line' id='line_1_11' title="bbox 161 1580 1306 1668; baseline 0.001 -24"><span class='ocrx_word' id='word_1_80' title='bbox 161 1581 281 1666; x_wconf 88' lang='lat' dir='ltr'><strong><em>tigisse,</em></strong></span> <span class='ocrx_word' id='word_1_81' title='bbox 299 1582 387 1668; x_wconf 93' lang='lat' dir='ltr'><strong><em>quod</em></strong></span> <span class='ocrx_word' id='word_1_82' title='bbox 402 1596 436 1646; x_wconf 87' lang='lat' dir='ltr'><strong><em>et</em></strong></span> <span class='ocrx_word' id='word_1_83' title='bbox 448 1582 551 1645; x_wconf 88' lang='lat' dir='ltr'><strong><em>relatu</em></strong></span> <span class='ocrx_word' id='word_1_84' title='bbox 562 1584 739 1666; x_wconf 91' lang='lat' dir='ltr'><strong><em>jocundum</em></strong></span> <span class='ocrx_word' id='word_1_85' title='bbox 752 1596 810 1660; x_wconf 90' lang='lat' dir='ltr'><strong><em>est,</em></strong></span> <span class='ocrx_word' id='word_1_86' title='bbox 825 1596 857 1646; x_wconf 90' lang='lat' dir='ltr'><strong><em>et</em></strong></span> <span class='ocrx_word' id='word_1_87' title='bbox 870 1580 1023 1646; x_wconf 70' lang='lat' dir='ltr'><strong><em>memoria</em></strong></span> <span class='ocrx_word' id='word_1_88' title='bbox 1034 1580 1179 1664; x_wconf 90' lang='lat' dir='ltr'><strong><em>dignum.</em></strong></span> <span class='ocrx_word' id='word_1_89' title='bbox 1219 1581 1306 1645; x_wconf 90' lang='lat' dir='ltr'><strong><em>Dens</em></strong></span> 
     </span>
     <span class='ocr_line' id='line_1_12' title="bbox 161 1667 1307 1756; baseline 0.002 -24"><span class='ocrx_word' id='word_1_90' title='bbox 161 1668 248 1732; x_wconf 91' lang='lat' dir='ltr'><strong><em>enim</em></strong></span> <span class='ocrx_word' id='word_1_91' title='bbox 268 1668 343 1732; x_wconf 91' lang='lat' dir='ltr'><strong><em>licet</em></strong></span> <span class='ocrx_word' id='word_1_92' title='bbox 359 1670 401 1732; x_wconf 92' lang='lat' dir='ltr'><strong><em>sit</em></strong></span> <span class='ocrx_word' id='word_1_93' title='bbox 421 1690 552 1752; x_wconf 90' lang='lat' dir='ltr'><strong><em>magnus</em></strong></span> <span class='ocrx_word' id='word_1_94' title='bbox 568 1669 600 1731; x_wconf 91' lang='lat' dir='ltr'><strong><em>in</em></strong></span> <span class='ocrx_word' id='word_1_95' title='bbox 616 1670 749 1753; x_wconf 88' lang='lat' dir='ltr'><strong><em>magnis,</em></strong></span> <span class='ocrx_word' id='word_1_96' title='bbox 766 1669 923 1732; x_wconf 89' lang='lat' dir='ltr'><strong><em>mirabilia</em></strong></span> <span class='ocrx_word' id='word_1_97' title='bbox 938 1681 1044 1732; x_wconf 88' lang='lat' dir='ltr'><strong><em>tamen</em></strong></span> <span class='ocrx_word' id='word_1_98' title='bbox 1057 1667 1217 1756; x_wconf 85' lang='lat' dir='ltr'><strong><em>gloriosus</em></strong></span> <span class='ocrx_word' id='word_1_99' title='bbox 1233 1692 1307 1754; x_wconf 88' lang='lat' dir='ltr'><strong><em>ope-</em></strong></span> 
     </span>
     <span class='ocr_line' id='line_1_13' title="bbox 159 1754 1307 1842; baseline 0.001 -25"><span class='ocrx_word' id='word_1_100' title='bbox 159 1769 250 1818; x_wconf 84' lang='lat' dir='ltr'><strong>ratur</strong></span> <span class='ocrx_word' id='word_1_101' title='bbox 271 1755 304 1819; x_wconf 89' lang='lat' dir='ltr'><strong><em>in</em></strong></span> <span class='ocrx_word' id='word_1_102' title='bbox 327 1754 473 1833; x_wconf 91' lang='lat' dir='ltr'><strong><em>minimis,</em></strong></span> <span class='ocrx_word' id='word_1_103' title='bbox 490 1769 527 1818; x_wconf 91' lang='lat' dir='ltr'><strong><em>ut</em></strong></span> <span class='ocrx_word' id='word_1_104' title='bbox 542 1755 677 1820; x_wconf 90' lang='lat' dir='ltr'><strong><em>sciamus</em></strong></span> <span class='ocrx_word' id='word_1_105' title='bbox 693 1756 780 1842; x_wconf 93' lang='lat' dir='ltr'><strong><em>quod</em></strong></span> <span class='ocrx_word' id='word_1_106' title='bbox 795 1778 893 1840; x_wconf 89' lang='lat' dir='ltr'><strong><em>parva</em></strong></span> <span class='ocrx_word' id='word_1_107' title='bbox 909 1778 973 1818; x_wconf 91' lang='lat' dir='ltr'><strong><em>non</em></strong></span> <span class='ocrx_word' id='word_1_108' title='bbox 988 1755 1117 1832; x_wconf 90' lang='lat' dir='ltr'><strong><em>deserit,</em></strong></span> <span class='ocrx_word' id='word_1_109' title='bbox 1135 1755 1191 1841; x_wconf 93' lang='lat' dir='ltr'><strong><em>qui</em></strong></span> <span class='ocrx_word' id='word_1_110' title='bbox 1207 1778 1248 1820; x_wconf 92' lang='lat' dir='ltr'><strong><em>ex</em></strong></span> <span class='ocrx_word' id='word_1_111' title='bbox 1263 1755 1307 1818; x_wconf 88' lang='lat' dir='ltr'><strong><em>ni-</em></strong></span> 
     </span>
     <span class='ocr_line' id='line_1_14' title="bbox 160 1841 1304 1928; baseline 0 -22"><span class='ocrx_word' id='word_1_112' title='bbox 160 1842 246 1906; x_wconf 94' lang='lat' dir='ltr'><strong><em>chilo</em></strong></span> <span class='ocrx_word' id='word_1_113' title='bbox 258 1857 373 1907; x_wconf 90' lang='lat' dir='ltr'><strong><em>cuncta</em></strong></span> <span class='ocrx_word' id='word_1_114' title='bbox 385 1842 516 1906; x_wconf 84' lang='lat' dir='ltr'><strong><em>creavit.</em></strong></span> <span class='ocrx_word' id='word_1_115' title='bbox 551 1843 629 1907; x_wconf 88' lang='lat' dir='ltr'><strong>Erat</strong></span> <span class='ocrx_word' id='word_1_116' title='bbox 641 1844 672 1907; x_wconf 91' lang='lat' dir='ltr'><strong><em>in</em></strong></span> <span class='ocrx_word' id='word_1_117' title='bbox 686 1843 843 1908; x_wconf 72' lang='lat' dir='ltr'><strong><em>Chirtuna</em></strong></span> <span class='ocrx_word' id='word_1_118' title='bbox 855 1844 902 1905; x_wconf 91' lang='lat' dir='ltr'><strong><em>vir</em></strong></span> <span class='ocrx_word' id='word_1_119' title='bbox 914 1842 1043 1928; x_wconf 89' lang='lat' dir='ltr'><strong><em>quidam</em></strong></span> <span class='ocrx_word' id='word_1_120' title='bbox 1055 1841 1172 1906; x_wconf 89' lang='lat' dir='ltr'><strong><em>timens</em></strong></span> <span class='ocrx_word' id='word_1_121' title='bbox 1187 1841 1304 1920; x_wconf 86' lang='lat' dir='ltr'><strong><em>Deum,</em></strong></span> 
     </span>
     <span class='ocr_line' id='line_1_15' title="bbox 160 1929 1305 2017; baseline -0.002 -22"><span class='ocrx_word' id='word_1_122' title='bbox 160 1943 194 1995; x_wconf 87' lang='lat' dir='ltr'><strong><em>et</em></strong></span> <span class='ocrx_word' id='word_1_123' title='bbox 217 1930 356 1995; x_wconf 87' lang='lat' dir='ltr'><strong><em>decimas</em></strong></span> <span class='ocrx_word' id='word_1_124' title='bbox 380 1931 466 1994; x_wconf 77' lang='lat' dir='ltr'><strong><em>recte</em></strong></span> <span class='ocrx_word' id='word_1_125' title='bbox 489 1930 623 1995; x_wconf 90' lang='lat' dir='ltr'><strong><em>offerens</em></strong></span> <span class='ocrx_word' id='word_1_126' title='bbox 639 1933 780 1995; x_wconf 91' lang='lat' dir='ltr'><strong><em>omnium</em></strong></span> <span class='ocrx_word' id='word_1_127' title='bbox 797 1953 869 2017; x_wconf 86' lang='lat' dir='ltr'><strong><em>quae</em></strong></span> <span class='ocrx_word' id='word_1_128' title='bbox 885 1929 1069 2015; x_wconf 88' lang='lat' dir='ltr'><strong><em>possidebat</em></strong></span> <span class='ocrx_word' id='word_1_129' title='bbox 1083 1952 1091 2004; x_wconf 91' lang='lat'>;</span> <span class='ocrx_word' id='word_1_130' title='bbox 1111 1946 1247 2016; x_wconf 90' lang='lat' dir='ltr'><strong><em>eratque</em></strong></span> <span class='ocrx_word' id='word_1_131' title='bbox 1262 1930 1305 1993; x_wconf 94' lang='lat' dir='ltr'><strong><em>illi</em></strong></span> 
     </span>
     <span class='ocr_line' id='line_1_16' title="bbox 160 2016 1305 2105; baseline 0 -25"><span class='ocrx_word' id='word_1_132' title='bbox 160 2040 244 2082; x_wconf 91' lang='lat' dir='ltr'><strong><em>uxor</em></strong></span> <span class='ocrx_word' id='word_1_133' title='bbox 259 2020 327 2103; x_wconf 90' lang='lat' dir='ltr'><strong><em>ejus</em></strong></span> <span class='ocrx_word' id='word_1_134' title='bbox 344 2016 503 2082; x_wconf 88' lang='lat' dir='ltr'><strong><em>contraria</em></strong></span> <span class='ocrx_word' id='word_1_135' title='bbox 514 2019 667 2097; x_wconf 78' lang='lat' dir='ltr'><strong><em>moribuS,</em></strong></span> <span class='ocrx_word' id='word_1_136' title='bbox 685 2019 760 2105; x_wconf 92' lang='lat' dir='ltr'><strong><em>quia</em></strong></span> <span class='ocrx_word' id='word_1_137' title='bbox 773 2019 880 2081; x_wconf 92' lang='lat' dir='ltr'><strong><em>Deum</em></strong></span> <span class='ocrx_word' id='word_1_138' title='bbox 896 2039 961 2080; x_wconf 90' lang='lat' dir='ltr'><strong><em>non</em></strong></span> <span class='ocrx_word' id='word_1_139' title='bbox 973 2016 1117 2094; x_wconf 86' lang='lat' dir='ltr'><strong><em>timebat,</em></strong></span> <span class='ocrx_word' id='word_1_140' title='bbox 1132 2038 1192 2080; x_wconf 90' lang='lat' dir='ltr'><strong><em>nec</em></strong></span> <span class='ocrx_word' id='word_1_141' title='bbox 1204 2017 1305 2080; x_wconf 88' lang='lat' dir='ltr'><strong><em>homi-</em></strong></span> 
     </span>
     <span class='ocr_line' id='line_1_17' title="bbox 158 2103 1305 2189; baseline 0.001 -22"><span class='ocrx_word' id='word_1_142' title='bbox 158 2126 232 2168; x_wconf 97' lang='lat' dir='ltr'><strong><em>nem</em></strong></span> <span class='ocrx_word' id='word_1_143' title='bbox 257 2107 436 2169; x_wconf 83' lang='lat' dir='ltr'><strong><em>verebatur.</em></strong></span> <span class='ocrx_word' id='word_1_144' title='bbox 485 2106 548 2169; x_wconf 90' lang='lat' dir='ltr'><strong><em>Hic</em></strong></span> <span class='ocrx_word' id='word_1_145' title='bbox 572 2120 679 2171; x_wconf 88' lang='lat' dir='ltr'><strong><em>autem</em></strong></span> <span class='ocrx_word' id='word_1_146' title='bbox 705 2108 753 2169; x_wconf 85' lang='lat' dir='ltr'><strong><em>vir</em></strong></span> <span class='ocrx_word' id='word_1_147' title='bbox 775 2119 920 2189; x_wconf 90' lang='lat' dir='ltr'><strong><em>tempore</em></strong></span> <span class='ocrx_word' id='word_1_148' title='bbox 944 2103 1116 2180; x_wconf 89' lang='lat' dir='ltr'><strong><em>messionis,</em></strong></span> <span class='ocrx_word' id='word_1_149' title='bbox 1149 2126 1224 2167; x_wconf 91' lang='lat' dir='ltr'><strong><em>cum</em></strong></span> <span class='ocrx_word' id='word_1_150' title='bbox 1249 2126 1305 2188; x_wconf 90' lang='lat' dir='ltr'><strong><em>per</em></strong></span> 
     </span>
     <span class='ocr_line' id='line_1_18' title="bbox 125 2191 1305 2275; baseline 0.001 -22"><span class='ocrx_word' id='word_1_151' title='bbox 125 2223 127 2226; x_wconf 95' lang='lat'>·</span> <span class='ocrx_word' id='word_1_152' title='bbox 158 2204 260 2254; x_wconf 88' lang='lat' dir='ltr'><strong><em>metas</em></strong></span> <span class='ocrx_word' id='word_1_153' title='bbox 283 2192 435 2269; x_wconf 87' lang='lat' dir='ltr'><strong><em>modicas,</em></strong></span> <span class='ocrx_word' id='word_1_154' title='bbox 461 2204 497 2255; x_wconf 92' lang='lat' dir='ltr'><strong><em>ut</em></strong></span> <span class='ocrx_word' id='word_1_155' title='bbox 515 2193 611 2256; x_wconf 91' lang='lat' dir='ltr'><strong><em>moris</em></strong></span> <span class='ocrx_word' id='word_1_156' title='bbox 627 2207 677 2256; x_wconf 85' lang='lat' dir='ltr'><strong><em>est</em></strong></span> <span class='ocrx_word' id='word_1_157' title='bbox 693 2192 896 2269; x_wconf 88' lang='lat' dir='ltr'><strong><em>metentibus,</em></strong></span> <span class='ocrx_word' id='word_1_158' title='bbox 913 2192 1021 2274; x_wconf 87' lang='lat' dir='ltr'><strong><em>fruges</em></strong></span> <span class='ocrx_word' id='word_1_159' title='bbox 1037 2212 1109 2254; x_wconf 91' lang='lat' dir='ltr'><strong><em>suas</em></strong></span> <span class='ocrx_word' id='word_1_160' title='bbox 1124 2191 1305 2275; x_wconf 78' lang='lat' dir='ltr'><strong><em>collegisset</em></strong></span> 
     </span>
     <span class='ocr_line' id='line_1_19' title="bbox 156 2277 1302 2361; baseline 0.003 -21"><span class='ocrx_word' id='word_1_161' title='bbox 156 2277 190 2341; x_wconf 90' lang='lat' dir='ltr'><strong><em>in</em></strong></span> <span class='ocrx_word' id='word_1_162' title='bbox 202 2300 291 2360; x_wconf 89' lang='lat' dir='ltr'><strong><em>agro,</em></strong></span> <span class='ocrx_word' id='word_1_163' title='bbox 305 2278 461 2341; x_wconf 83' lang='lat' dir='ltr'><strong><em>decimam</em></strong></span> <span class='ocrx_word' id='word_1_164' title='bbox 474 2292 592 2341; x_wconf 90' lang='lat' dir='ltr'><strong><em>metam</em></strong></span> <span class='ocrx_word' id='word_1_165' title='bbox 609 2281 727 2342; x_wconf 88' lang='lat' dir='ltr'><strong><em>Sancto</em></strong></span> <span class='ocrx_word' id='word_1_166' title='bbox 741 2279 870 2342; x_wconf 91' lang='lat' dir='ltr'><strong><em>Oswino</em></strong></span> <span class='ocrx_word' id='word_1_167' title='bbox 882 2277 1080 2361; x_wconf 83' lang='lat' dir='ltr'>consignavit</span> <span class='ocrx_word' id='word_1_168' title='bbox 1090 2279 1122 2341; x_wconf 91' lang='lat' dir='ltr'><strong><em>in</em></strong></span> <span class='ocrx_word' id='word_1_169' title='bbox 1134 2277 1302 2356; x_wconf 80' lang='lat' dir='ltr'><strong><em>decimam,</em></strong></span> 
     </span>
     <span class='ocr_line' id='line_1_20' title="bbox 158 2364 1304 2449; baseline 0.003 -23"><span class='ocrx_word' id='word_1_170' title='bbox 158 2386 197 2427; x_wconf 88' lang='lat' dir='ltr'><strong><em>eo</em></strong></span> <span class='ocrx_word' id='word_1_171' title='bbox 221 2364 308 2449; x_wconf 94' lang='lat' dir='ltr'><strong><em>quod</em></strong></span> <span class='ocrx_word' id='word_1_172' title='bbox 331 2377 417 2428; x_wconf 88' lang='lat' dir='ltr'><strong><em>terra</em></strong></span> <span class='ocrx_word' id='word_1_173' title='bbox 433 2388 490 2428; x_wconf 90' lang='lat' dir='ltr'><strong><em>sua</em></strong></span> <span class='ocrx_word' id='word_1_174' title='bbox 513 2365 553 2428; x_wconf 92' lang='lat' dir='ltr'><strong><em>ad</em></strong></span> <span class='ocrx_word' id='word_1_175' title='bbox 581 2367 690 2429; x_wconf 86' lang='lat' dir='ltr'><strong><em>Sancti</em></strong></span> <span class='ocrx_word' id='word_1_176' title='bbox 710 2364 884 2429; x_wconf 92' lang='lat' dir='ltr'><strong><em>dominium</em></strong></span> <span class='ocrx_word' id='word_1_177' title='bbox 906 2364 1102 2448; x_wconf 85' lang='lat' dir='ltr'><strong><em>pertineret3</em></strong></span> <span class='ocrx_word' id='word_1_178' title='bbox 1126 2384 1160 2428; x_wconf 89' lang='lat' dir='ltr'><strong><em>et</em></strong></span> <span class='ocrx_word' id='word_1_179' title='bbox 1178 2378 1304 2449; x_wconf 87' lang='lat' dir='ltr'><strong><em>partem</em></strong></span> 
     </span>
     <span class='ocr_line' id='line_1_21' title="bbox 155 2450 1303 2538; baseline 0.003 -25"><span class='ocrx_word' id='word_1_180' title='bbox 155 2450 244 2514; x_wconf 91' lang='lat' dir='ltr'><strong><em>bladi</em></strong></span> <span class='ocrx_word' id='word_1_181' title='bbox 266 2451 421 2537; x_wconf 91' lang='lat' dir='ltr'><strong><em>reliquam</em></strong></span> <span class='ocrx_word' id='word_1_182' title='bbox 445 2474 517 2538; x_wconf 87' lang='lat' dir='ltr'><strong><em>quae</em></strong></span> <span class='ocrx_word' id='word_1_183' title='bbox 540 2474 613 2515; x_wconf 91' lang='lat' dir='ltr'><strong><em>eum</em></strong></span> <span class='ocrx_word' id='word_1_184' title='bbox 640 2453 859 2536; x_wconf 89' lang='lat' dir='ltr'><strong><em>contingebat,</em></strong></span> <span class='ocrx_word' id='word_1_185' title='bbox 880 2451 1011 2515; x_wconf 93' lang='lat' dir='ltr'><strong><em>domum</em></strong></span> <span class='ocrx_word' id='word_1_186' title='bbox 1034 2474 1108 2515; x_wconf 90' lang='lat' dir='ltr'><strong><em>cnm</em></strong></span> <span class='ocrx_word' id='word_1_187' title='bbox 1130 2474 1224 2516; x_wconf 90' lang='lat' dir='ltr'><strong><em>carro</em></strong></span> <span class='ocrx_word' id='word_1_188' title='bbox 1239 2464 1303 2517; x_wconf 89' lang='lat' dir='ltr'><strong><em>stn-</em></strong></span> 
     </span>
     <span class='ocr_line' id='line_1_22' title="bbox 156 2537 1303 2624; baseline 0.003 -23"><span class='ocrx_word' id='word_1_189' title='bbox 156 2537 265 2603; x_wconf 92' lang='lat' dir='ltr'><strong><em>diosus</em></strong></span> <span class='ocrx_word' id='word_1_190' title='bbox 288 2538 429 2623; x_wconf 88' lang='lat' dir='ltr'><strong><em>agricola</em></strong></span> <span class='ocrx_word' id='word_1_191' title='bbox 450 2539 641 2604; x_wconf 87' lang='lat' dir='ltr'><strong><em>deducebat.</em></strong></span> <span class='ocrx_word' id='word_1_192' title='bbox 691 2540 787 2604; x_wconf 90' lang='lat' dir='ltr'>Uxor</span> <span class='ocrx_word' id='word_1_193' title='bbox 803 2562 879 2603; x_wconf 89' lang='lat' dir='ltr'><strong><em>vero</em></strong></span> <span class='ocrx_word' id='word_1_194' title='bbox 898 2539 968 2623; x_wconf 87' lang='lat' dir='ltr'><strong><em>ejus</em></strong></span> <span class='ocrx_word' id='word_1_195' title='bbox 984 2561 1079 2602; x_wconf 90' lang='lat' dir='ltr'><strong><em>aucas</em></strong></span> <span class='ocrx_word' id='word_1_196' title='bbox 1094 2538 1217 2602; x_wconf 88' lang='lat' dir='ltr'><strong><em>habens</em></strong></span> <span class='ocrx_word' id='word_1_197' title='bbox 1232 2539 1303 2624; x_wconf 74' lang='lat' dir='ltr'><strong><em>plu-</em></strong></span> 
     </span>
     <span class='ocr_line' id='line_1_23' title="bbox 155 2625 1301 2714; baseline 0.001 -25"><span class='ocrx_word' id='word_1_198' title='bbox 155 2625 261 2704; x_wconf 89' lang='lat' dir='ltr'><strong><em>rimas,</em></strong></span> <span class='ocrx_word' id='word_1_199' title='bbox 279 2626 331 2690; x_wconf 91' lang='lat' dir='ltr'><strong><em>die</em></strong></span> <span class='ocrx_word' id='word_1_200' title='bbox 347 2627 484 2714; x_wconf 72' lang='lat' dir='ltr'><strong><em>quadam</em></strong></span> <span class='ocrx_word' id='word_1_201' title='bbox 508 2650 561 2691; x_wconf 87' lang='lat' dir='ltr'><strong><em>eas</em></strong></span> <span class='ocrx_word' id='word_1_202' title='bbox 584 2642 659 2692; x_wconf 88' lang='lat' dir='ltr'><strong><em>ante</em></strong></span> <span class='ocrx_word' id='word_1_203' title='bbox 682 2651 716 2691; x_wconf 91' lang='lat' dir='ltr'><strong><em>se</em></strong></span> <span class='ocrx_word' id='word_1_204' title='bbox 737 2626 846 2711; x_wconf 88' lang='lat' dir='ltr'><strong><em>coegit</em></strong></span> <span class='ocrx_word' id='word_1_205' title='bbox 862 2627 894 2689; x_wconf 92' lang='lat' dir='ltr'><strong><em>in</em></strong></span> <span class='ocrx_word' id='word_1_206' title='bbox 910 2648 1033 2710; x_wconf 89' lang='lat' dir='ltr'><strong><em>agrum,</em></strong></span> <span class='ocrx_word' id='word_1_207' title='bbox 1050 2638 1087 2689; x_wconf 90' lang='lat' dir='ltr'><strong><em>ut</em></strong></span> <span class='ocrx_word' id='word_1_208' title='bbox 1102 2625 1210 2709; x_wconf 90' lang='lat' dir='ltr'><strong><em>spicis,</em></strong></span> <span class='ocrx_word' id='word_1_209' title='bbox 1228 2649 1301 2714; x_wconf 86' lang='lat' dir='ltr'><strong><em>qnae</em></strong></span> 
     </span>
     <span class='ocr_line' id='line_1_24' title="bbox 155 2713 1301 2800; baseline 0.001 -23"><span class='ocrx_word' id='word_1_210' title='bbox 155 2714 345 2779; x_wconf 89' lang='lat' dir='ltr'><strong><em>metentium</em></strong></span> <span class='ocrx_word' id='word_1_211' title='bbox 368 2737 480 2778; x_wconf 89' lang='lat' dir='ltr'><strong><em>manus</em></strong></span> <span class='ocrx_word' id='word_1_212' title='bbox 495 2715 655 2799; x_wconf 86' lang='lat' dir='ltr'><strong><em>fugerant,</em></strong></span> <span class='ocrx_word' id='word_1_213' title='bbox 672 2733 899 2800; x_wconf 86' lang='lat' dir='ltr'><strong><em>pasceremur3</em></strong></span> <span class='ocrx_word' id='word_1_214' title='bbox 917 2728 950 2777; x_wconf 92' lang='lat' dir='ltr'><strong><em>et</em></strong></span> <span class='ocrx_word' id='word_1_215' title='bbox 966 2713 1039 2777; x_wconf 91' lang='lat' dir='ltr'><strong><em>tulit</em></strong></span> <span class='ocrx_word' id='word_1_216' title='bbox 1054 2713 1188 2796; x_wconf 86' lang='lat' dir='ltr'><strong><em>garbam</em></strong></span> <span class='ocrx_word' id='word_1_217' title='bbox 1204 2736 1301 2778; x_wconf 88' lang='lat' dir='ltr'><strong><em>unam</em></strong></span> 
     </span>
     <span class='ocr_line' id='line_1_25' title="bbox 78 2799 1300 2884; baseline 0 -20"><span class='ocrx_word' id='word_1_218' title='bbox 78 2871 81 2878; x_wconf 23' lang='lat'><strong>⁴</strong></span> <span class='ocrx_word' id='word_1_219' title='bbox 154 2801 197 2866; x_wconf 90' lang='lat' dir='ltr'><strong><em>de</em></strong></span> <span class='ocrx_word' id='word_1_220' title='bbox 217 2802 325 2866; x_wconf 85' lang='lat' dir='ltr'><strong><em>Sancti</em></strong></span> <span class='ocrx_word' id='word_1_221' title='bbox 341 2803 481 2880; x_wconf 84' lang='lat' dir='ltr'><strong><em>decimis,</em></strong></span> <span class='ocrx_word' id='word_1_222' title='bbox 500 2815 532 2866; x_wconf 89' lang='lat' dir='ltr'><strong><em>et</em></strong></span> <span class='ocrx_word' id='word_1_223' title='bbox 548 2826 654 2866; x_wconf 90' lang='lat' dir='ltr'><strong><em>coram</em></strong></span> <span class='ocrx_word' id='word_1_224' title='bbox 670 2806 756 2867; x_wconf 89' lang='lat' dir='ltr'><strong><em>aucis</em></strong></span> <span class='ocrx_word' id='word_1_225' title='bbox 772 2802 841 2866; x_wconf 84' lang='lat' dir='ltr'><strong><em>viro</em></strong></span> <span class='ocrx_word' id='word_1_226' title='bbox 857 2800 1019 2864; x_wconf 83' lang='lat' dir='ltr'><strong><em>nesciente</em></strong></span> <span class='ocrx_word' id='word_1_227' title='bbox 1035 2799 1182 2884; x_wconf 90' lang='lat' dir='ltr'><strong><em>projecit.</em></strong></span> <span class='ocrx_word' id='word_1_228' title='bbox 1231 2801 1300 2865; x_wconf 85' lang='lat' dir='ltr'><strong><em>lllae</em></strong></span> 
     </span>
     <span class='ocr_line' id='line_1_26' title="bbox 155 2887 1298 2974; baseline -0.001 -22"><span class='ocrx_word' id='word_1_229' title='bbox 155 2902 276 2966; x_wconf 87' lang='lat' dir='ltr'><strong><em>antem,</em></strong></span> <span class='ocrx_word' id='word_1_230' title='bbox 299 2903 452 2974; x_wconf 89' lang='lat' dir='ltr'><strong><em>tanquam</em></strong></span> <span class='ocrx_word' id='word_1_231' title='bbox 470 2889 592 2954; x_wconf 86' lang='lat' dir='ltr'><strong><em>facinus</em></strong></span> <span class='ocrx_word' id='word_1_232' title='bbox 612 2891 817 2954; x_wconf 80' lang='lat' dir='ltr'><strong><em>attendentes</em></strong></span> <span class='ocrx_word' id='word_1_233' title='bbox 837 2902 870 2952; x_wconf 92' lang='lat' dir='ltr'><strong><em>et</em></strong></span> <span class='ocrx_word' id='word_1_234' title='bbox 890 2888 1109 2964; x_wconf 87' lang='lat' dir='ltr'><strong><em>abhorrentes,</em></strong></span> <span class='ocrx_word' id='word_1_235' title='bbox 1127 2887 1298 2970; x_wconf 83' lang='lat' dir='ltr'><strong><em>fugerunt3</em></strong></span> 
     </span>
     <span class='ocr_line' id='line_1_27' title="bbox 153 2973 1299 3060; baseline 0.001 -22"><span class='ocrx_word' id='word_1_236' title='bbox 153 2988 188 3038; x_wconf 94' lang='lat' dir='ltr'><strong><em>et</em></strong></span> <span class='ocrx_word' id='word_1_237' title='bbox 211 2997 270 3038; x_wconf 89' lang='lat' dir='ltr'><strong><em>nec</em></strong></span> <span class='ocrx_word' id='word_1_238' title='bbox 290 2977 424 3058; x_wconf 85' lang='lat' dir='ltr'><strong><em>garbam</em></strong></span> <span class='ocrx_word' id='word_1_239' title='bbox 446 2975 617 3059; x_wconf 88' lang='lat' dir='ltr'><strong><em>respicere,</em></strong></span> <span class='ocrx_word' id='word_1_240' title='bbox 635 2977 692 3040; x_wconf 92' lang='lat' dir='ltr'><strong><em>sed</em></strong></span> <span class='ocrx_word' id='word_1_241' title='bbox 707 3000 765 3040; x_wconf 85' lang='lat' dir='ltr'><strong><em>nec</em></strong></span> <span class='ocrx_word' id='word_1_242' title='bbox 782 2999 851 3040; x_wconf 86' lang='lat' dir='ltr'><strong><em>eam</em></strong></span> <span class='ocrx_word' id='word_1_243' title='bbox 868 2975 900 3038; x_wconf 92' lang='lat' dir='ltr'><strong><em>in</em></strong></span> <span class='ocrx_word' id='word_1_244' title='bbox 916 2973 1024 3060; x_wconf 90' lang='lat' dir='ltr'><strong><em>aliquo</em></strong></span> <span class='ocrx_word' id='word_1_245' title='bbox 1039 2977 1228 3058; x_wconf 90' lang='lat' dir='ltr'><strong><em>contingere</em></strong></span> <span class='ocrx_word' id='word_1_246' title='bbox 1243 2998 1299 3039; x_wconf 87' lang='lat' dir='ltr'><strong><em>vo·</em></strong></span> 
     </span>
     <span class='ocr_line' id='line_1_28' title="bbox 154 3061 1298 3150; baseline 0.001 -26"><span class='ocrx_word' id='word_1_247' title='bbox 154 3063 294 3126; x_wconf 86' lang='lat' dir='ltr'><strong><em>luerunt.</em></strong></span> <span class='ocrx_word' id='word_1_248' title='bbox 343 3062 436 3125; x_wconf 87' lang='lat' dir='ltr'><strong><em>Uxor</em></strong></span> <span class='ocrx_word' id='word_1_249' title='bbox 451 3079 559 3125; x_wconf 86' lang='lat' dir='ltr'><strong><em>autem</em></strong></span> <span class='ocrx_word' id='word_1_250' title='bbox 575 3063 740 3150; x_wconf 85' lang='lat' dir='ltr'><strong><em>indignata</em></strong></span> <span class='ocrx_word' id='word_1_251' title='bbox 754 3085 850 3146; x_wconf 90' lang='lat' dir='ltr'><strong><em>super</em></strong></span> <span class='ocrx_word' id='word_1_252' title='bbox 864 3062 924 3140; x_wconf 91' lang='lat' dir='ltr'><strong><em>his,</em></strong></span> <span class='ocrx_word' id='word_1_253' title='bbox 941 3076 975 3125; x_wconf 85' lang='lat' dir='ltr'><strong><em>et</em></strong></span> <span class='ocrx_word' id='word_1_254' title='bbox 990 3061 1078 3148; x_wconf 89' lang='lat' dir='ltr'><strong><em>quod</em></strong></span> <span class='ocrx_word' id='word_1_255' title='bbox 1093 3061 1124 3123; x_wconf 92' lang='lat' dir='ltr'><strong><em>in</em></strong></span> <span class='ocrx_word' id='word_1_256' title='bbox 1140 3061 1298 3125; x_wconf 87' lang='lat' dir='ltr'><strong><em>decimam</em></strong></span> 
     </span>
     <span class='ocr_line' id='line_1_29' title="bbox 153 3148 1296 3233; baseline 0.002 -22"><span class='ocrx_word' id='word_1_257' title='bbox 153 3162 244 3212; x_wconf 88' lang='lat' dir='ltr'><strong><em>tanta</em></strong></span> <span class='ocrx_word' id='word_1_258' title='bbox 266 3148 353 3212; x_wconf 89' lang='lat' dir='ltr'><strong><em>bladi</em></strong></span> <span class='ocrx_word' id='word_1_259' title='bbox 375 3148 423 3210; x_wconf 90' lang='lat' dir='ltr'><strong><em>sui</em></strong></span> <span class='ocrx_word' id='word_1_260' title='bbox 446 3150 552 3233; x_wconf 87' lang='lat' dir='ltr'><strong><em>portio</em></strong></span> <span class='ocrx_word' id='word_1_261' title='bbox 574 3149 780 3233; x_wconf 88' lang='lat' dir='ltr'><strong><em>pervenisset,</em></strong></span> <span class='ocrx_word' id='word_1_262' title='bbox 798 3149 870 3212; x_wconf 84' lang='lat' dir='ltr'><strong><em>selle</em></strong></span> <span class='ocrx_word' id='word_1_263' title='bbox 894 3162 982 3212; x_wconf 89' lang='lat' dir='ltr'><strong><em>mota</em></strong></span> <span class='ocrx_word' id='word_1_264' title='bbox 996 3148 1148 3225; x_wconf 86' lang='lat' dir='ltr'><strong><em>femineo,</em></strong></span> <span class='ocrx_word' id='word_1_265' title='bbox 1165 3149 1296 3233; x_wconf 85' lang='lat' dir='ltr'><strong><em>garbam</em></strong></span> 
     </span>
     <span class='ocr_line' id='line_1_30' title="bbox 151 3233 1294 3322; baseline 0.002 -24"><span class='ocrx_word' id='word_1_266' title='bbox 151 3235 287 3298; x_wconf 87' lang='lat' dir='ltr'><strong><em>decimae</em></strong></span> <span class='ocrx_word' id='word_1_267' title='bbox 310 3233 394 3298; x_wconf 92' lang='lat' dir='ltr'><strong><em>tulit.</em></strong></span> <span class='ocrx_word' id='word_1_268' title='bbox 442 3237 494 3299; x_wconf 91' lang='lat' dir='ltr'><strong><em>Ab</em></strong></span> <span class='ocrx_word' id='word_1_269' title='bbox 517 3258 595 3318; x_wconf 92' lang='lat' dir='ltr'><strong><em>agro</em></strong></span> <span class='ocrx_word' id='word_1_270' title='bbox 618 3259 711 3298; x_wconf 89' lang='lat' dir='ltr'><strong><em>aucas</em></strong></span> <span class='ocrx_word' id='word_1_271' title='bbox 735 3235 853 3319; x_wconf 87' lang='lat' dir='ltr'><strong><em>abegit,</em></strong></span> <span class='ocrx_word' id='word_1_272' title='bbox 877 3235 1072 3322; x_wconf 90' lang='lat' dir='ltr'><strong><em>domumque</em></strong></span> <span class='ocrx_word' id='word_1_273' title='bbox 1088 3235 1294 3320; x_wconf 82' lang='lat' dir='ltr'><strong><em>properavit3</em></strong></span> 
     </span>
     <span class='ocr_line' id='line_1_31' title="bbox 150 3321 1297 3409; baseline 0.001 -24"><span class='ocrx_word' id='word_1_274' title='bbox 150 3336 183 3385; x_wconf 91' lang='lat' dir='ltr'><strong><em>et</em></strong></span> <span class='ocrx_word' id='word_1_275' title='bbox 200 3322 267 3385; x_wconf 91' lang='lat' dir='ltr'><strong><em>illas</em></strong></span> <span class='ocrx_word' id='word_1_276' title='bbox 282 3321 315 3384; x_wconf 90' lang='lat' dir='ltr'><strong><em>in</em></strong></span> <span class='ocrx_word' id='word_1_277' title='bbox 331 3322 464 3406; x_wconf 87' lang='lat' dir='ltr'><strong><em>parvulo</em></strong></span> <span class='ocrx_word' id='word_1_278' title='bbox 479 3322 593 3386; x_wconf 91' lang='lat' dir='ltr'><strong><em>locello</em></strong></span> <span class='ocrx_word' id='word_1_279' title='bbox 608 3323 749 3400; x_wconf 84' lang='lat' dir='ltr'><strong><em>reclusit,</em></strong></span> <span class='ocrx_word' id='word_1_280' title='bbox 763 3323 968 3409; x_wconf 70' lang='lat' dir='ltr'><strong><em>projectaque</em></strong></span> <span class='ocrx_word' id='word_1_281' title='bbox 981 3324 1092 3387; x_wconf 69' lang='lat' dir='ltr'><strong><em>eadem</em></strong></span> <span class='ocrx_word' id='word_1_282' title='bbox 1104 3324 1204 3406; x_wconf 69' lang='lat' dir='ltr'><strong><em>garba</em></strong></span> <span class='ocrx_word' id='word_1_283' title='bbox 1216 3323 1297 3387; x_wconf 85' lang='lat' dir='ltr'><strong><em>inter</em></strong></span> 
     </span>
     <span class='ocr_line' id='line_1_32' title="bbox 149 3408 1293 3496; baseline 0.002 -25"><span class='ocrx_word' id='word_1_284' title='bbox 149 3408 230 3486; x_wconf 89' lang='lat' dir='ltr'><strong><em>illas,</em></strong></span> <span class='ocrx_word' id='word_1_285' title='bbox 245 3408 397 3472; x_wconf 88' lang='lat' dir='ltr'><strong><em>ostiolum</em></strong></span> <span class='ocrx_word' id='word_1_286' title='bbox 420 3409 599 3487; x_wconf 81' lang='lat' dir='ltr'><strong><em>affirmavit,</em></strong></span> <span class='ocrx_word' id='word_1_287' title='bbox 618 3424 650 3473; x_wconf 93' lang='lat' dir='ltr'><strong><em>et</em></strong></span> <span class='ocrx_word' id='word_1_288' title='bbox 667 3409 821 3474; x_wconf 85' lang='lat' dir='ltr'><strong><em>discessit.</em></strong></span> <span class='ocrx_word' id='word_1_289' title='bbox 875 3409 1044 3496; x_wconf 86' lang='lat' dir='ltr'><strong><em>Dixitque,</em></strong></span> <span class='ocrx_word' id='word_1_290' title='bbox 1064 3413 1165 3474; x_wconf 89' lang='lat' dir='ltr'><strong><em>“Aut</em></strong></span> <span class='ocrx_word' id='word_1_291' title='bbox 1181 3409 1293 3488; x_wconf 89' lang='lat' dir='ltr'><strong><em>edetis,</em></strong></span> 
     </span>
     <span class='ocr_line' id='line_1_33' title="bbox 152 3496 1296 3583; baseline 0.003 -25"><span class='ocrx_word' id='word_1_292' title='bbox 152 3508 209 3559; x_wconf 92' lang='lat' dir='ltr'><strong><em>aut</em></strong></span> <span class='ocrx_word' id='word_1_293' title='bbox 233 3496 443 3560; x_wconf 87' lang='lat' dir='ltr'><strong><em>moriemini.&#39;’</em></strong></span> <span class='ocrx_word' id='word_1_294' title='bbox 490 3497 532 3561; x_wconf 86' lang='lat' dir='ltr'><strong><em>Et</em></strong></span> <span class='ocrx_word' id='word_1_295' title='bbox 552 3497 599 3560; x_wconf 93' lang='lat' dir='ltr'><strong><em>his</em></strong></span> <span class='ocrx_word' id='word_1_296' title='bbox 616 3497 717 3575; x_wconf 88' lang='lat' dir='ltr'><strong><em>dictis,</em></strong></span> <span class='ocrx_word' id='word_1_297' title='bbox 735 3497 858 3561; x_wconf 88' lang='lat' dir='ltr'><strong><em>caeteris</em></strong></span> <span class='ocrx_word' id='word_1_298' title='bbox 876 3521 909 3562; x_wconf 92' lang='lat' dir='ltr'><strong><em>se</em></strong></span> <span class='ocrx_word' id='word_1_299' title='bbox 925 3499 989 3560; x_wconf 89' lang='lat' dir='ltr'><strong><em>suis</em></strong></span> <span class='ocrx_word' id='word_1_300' title='bbox 1004 3497 1140 3581; x_wconf 87' lang='lat' dir='ltr'><strong><em>negotiis</em></strong></span> <span class='ocrx_word' id='word_1_301' title='bbox 1156 3497 1296 3583; x_wconf 89' lang='lat' dir='ltr'><strong><em>implica·</em></strong></span> 
     </span>
     <span class='ocr_line' id='line_1_34' title="bbox 151 3583 1293 3670; baseline 0.002 -24"><span class='ocrx_word' id='word_1_302' title='bbox 151 3583 219 3646; x_wconf 90' lang='lat' dir='ltr'><strong><em>bat.</em></strong></span> <span class='ocrx_word' id='word_1_303' title='bbox 259 3583 342 3647; x_wconf 88' lang='lat' dir='ltr'><strong><em>Cum</em></strong></span> <span class='ocrx_word' id='word_1_304' title='bbox 359 3607 435 3647; x_wconf 92' lang='lat' dir='ltr'><strong><em>vero</em></strong></span> <span class='ocrx_word' id='word_1_305' title='bbox 442 3587 509 3670; x_wconf 90' lang='lat' dir='ltr'><strong><em>jam</em></strong></span> <span class='ocrx_word' id='word_1_306' title='bbox 523 3609 557 3649; x_wconf 91' lang='lat' dir='ltr'><strong><em>se</em></strong></span> <span class='ocrx_word' id='word_1_307' title='bbox 570 3586 636 3650; x_wconf 86' lang='lat' dir='ltr'><strong><em>dies</em></strong></span> <span class='ocrx_word' id='word_1_308' title='bbox 649 3585 827 3662; x_wconf 86' lang='lat' dir='ltr'><strong><em>inclinaret,</em></strong></span> <span class='ocrx_word' id='word_1_309' title='bbox 841 3585 935 3650; x_wconf 89' lang='lat' dir='ltr'><strong><em>rediit</em></strong></span> <span class='ocrx_word' id='word_1_310' title='bbox 944 3585 1077 3660; x_wconf 86' lang='lat' dir='ltr'><strong><em>mulier3</em></strong></span> <span class='ocrx_word' id='word_1_311' title='bbox 1094 3584 1174 3648; x_wconf 88' lang='lat' dir='ltr'><strong><em>scire</em></strong></span> <span class='ocrx_word' id='word_1_312' title='bbox 1187 3585 1293 3648; x_wconf 88' lang='lat' dir='ltr'><strong><em>volens</em></strong></span> 
     </span>
     <span class='ocr_line' id='line_1_35' title="bbox 149 3670 1292 3758; baseline 0.002 -26"><span class='ocrx_word' id='word_1_313' title='bbox 149 3683 257 3733; x_wconf 87' lang='lat' dir='ltr'><strong><em>utrum</em></strong></span> <span class='ocrx_word' id='word_1_314' title='bbox 274 3670 330 3733; x_wconf 87' lang='lat' dir='ltr'><strong><em>irae</em></strong></span> <span class='ocrx_word' id='word_1_315' title='bbox 346 3671 442 3734; x_wconf 90' lang='lat' dir='ltr'><strong><em>animi</em></strong></span> <span class='ocrx_word' id='word_1_316' title='bbox 458 3673 662 3737; x_wconf 86' lang='lat' dir='ltr'><strong><em>satisfecisset</em></strong></span> <span class='ocrx_word' id='word_1_317' title='bbox 677 3673 769 3738; x_wconf 86' lang='lat' dir='ltr'><strong><em>famis</em></strong></span> <span class='ocrx_word' id='word_1_318' title='bbox 783 3673 908 3758; x_wconf 89' lang='lat' dir='ltr'><strong><em>injuria,</em></strong></span> <span class='ocrx_word' id='word_1_319' title='bbox 923 3684 956 3736; x_wconf 91' lang='lat' dir='ltr'><strong><em>et</em></strong></span> <span class='ocrx_word' id='word_1_320' title='bbox 971 3672 1116 3756; x_wconf 87' lang='lat' dir='ltr'><strong><em>aperiens</em></strong></span> <span class='ocrx_word' id='word_1_321' title='bbox 1132 3672 1292 3750; x_wconf 88' lang='lat' dir='ltr'><strong><em>ostiolum,</em></strong></span> 
     </span>
     <span class='ocr_line' id='line_1_36' title="bbox 147 3757 1291 3847; baseline -0.002 -23"><span class='ocrx_word' id='word_1_322' title='bbox 147 3774 182 3824; x_wconf 89' lang='lat' dir='ltr'><strong><em>et</em></strong></span> <span class='ocrx_word' id='word_1_323' title='bbox 192 3757 310 3822; x_wconf 90' lang='lat' dir='ltr'><strong><em>volenti</em></strong></span> <span class='ocrx_word' id='word_1_324' title='bbox 327 3758 470 3837; x_wconf 88' lang='lat' dir='ltr'><strong><em>introire,</em></strong></span> <span class='ocrx_word' id='word_1_325' title='bbox 488 3783 576 3824; x_wconf 82' lang='lat' dir='ltr'><strong><em>aucae</em></strong></span> <span class='ocrx_word' id='word_1_326' title='bbox 594 3775 827 3847; x_wconf 85' lang='lat' dir='ltr'><strong><em>perstrepentes</em></strong></span> <span class='ocrx_word' id='word_1_327' title='bbox 843 3771 1059 3837; x_wconf 91' lang='lat' dir='ltr'><strong><em>occurrerunt,</em></strong></span> <span class='ocrx_word' id='word_1_328' title='bbox 1074 3759 1291 3846; x_wconf 86' lang='lat' dir='ltr'><strong><em>quasicibum‚</em></strong></span> 
     </span>
     <span class='ocr_line' id='line_1_37' title="bbox 146 3846 1290 3930; baseline -0.001 -19"><span class='ocrx_word' id='word_1_329' title='bbox 146 3847 167 3911; x_wconf 73' lang='lat' dir='ltr'><strong><em>a</em></strong></span> <span class='ocrx_word' id='word_1_330' title='bbox 191 3846 320 3910; x_wconf 71' lang='lat' dir='ltr'><strong><em>domina</em></strong></span> <span class='ocrx_word' id='word_1_331' title='bbox 345 3869 433 3911; x_wconf 90' lang='lat' dir='ltr'><strong><em>more</em></strong></span> <span class='ocrx_word' id='word_1_332' title='bbox 460 3848 555 3912; x_wconf 91' lang='lat' dir='ltr'><strong><em>solito</em></strong></span> <span class='ocrx_word' id='word_1_333' title='bbox 581 3849 808 3913; x_wconf 77' lang='lat' dir='ltr'><strong><em>mendicantes.</em></strong></span> <span class='ocrx_word' id='word_1_334' title='bbox 858 3847 940 3921; x_wconf 82' lang='lat' dir='ltr'><strong><em>Quae</em></strong></span> <span class='ocrx_word' id='word_1_335' title='bbox 967 3846 1083 3910; x_wconf 77' lang='lat' dir='ltr'><strong><em>mirata</em></strong></span> <span class='ocrx_word' id='word_1_336' title='bbox 1106 3846 1290 3930; x_wconf 88' lang='lat' dir='ltr'><strong><em>plurimum,</em></strong></span> 
     </span>
     <span class='ocr_line' id='line_1_38' title="bbox 149 3933 1290 4018; baseline -0.002 -20"><span class='ocrx_word' id='word_1_337' title='bbox 149 3935 281 4018; x_wconf 89' lang='lat' dir='ltr'><strong><em>garbam</em></strong></span> <span class='ocrx_word' id='word_1_338' title='bbox 305 3934 487 4018; x_wconf 87' lang='lat' dir='ltr'><strong><em>diligentius</em></strong></span> <span class='ocrx_word' id='word_1_339' title='bbox 511 3936 649 4014; x_wconf 89' lang='lat' dir='ltr'><strong><em>intuens,</em></strong></span> <span class='ocrx_word' id='word_1_340' title='bbox 674 3960 744 4000; x_wconf 89' lang='lat' dir='ltr'><strong><em>eam</em></strong></span> <span class='ocrx_word' id='word_1_341' title='bbox 767 3957 831 3998; x_wconf 90' lang='lat' dir='ltr'><strong><em>non</em></strong></span> <span class='ocrx_word' id='word_1_342' title='bbox 850 3934 951 3996; x_wconf 91' lang='lat' dir='ltr'><strong><em>solum</em></strong></span> <span class='ocrx_word' id='word_1_343' title='bbox 968 3933 1122 3997; x_wconf 89' lang='lat' dir='ltr'><strong><em>intactam</em></strong></span> <span class='ocrx_word' id='word_1_344' title='bbox 1138 3935 1290 4018; x_wconf 90' lang='lat' dir='ltr'><strong><em>repperit,</em></strong></span> 
     </span>
     <span class='ocr_line' id='line_1_39' title="bbox 146 4018 1291 4108; baseline -0.001 -22"><span class='ocrx_word' id='word_1_345' title='bbox 146 4024 205 4088; x_wconf 91' lang='lat' dir='ltr'><strong><em>sed</em></strong></span> <span class='ocrx_word' id='word_1_346' title='bbox 227 4045 287 4086; x_wconf 91' lang='lat' dir='ltr'><strong><em>nec</em></strong></span> <span class='ocrx_word' id='word_1_347' title='bbox 310 4025 407 4086; x_wconf 90' lang='lat' dir='ltr'><strong><em>etiam</em></strong></span> <span class='ocrx_word' id='word_1_348' title='bbox 430 4024 461 4086; x_wconf 92' lang='lat' dir='ltr'><strong><em>in</em></strong></span> <span class='ocrx_word' id='word_1_349' title='bbox 486 4024 577 4087; x_wconf 90' lang='lat' dir='ltr'><strong><em>unius</em></strong></span> <span class='ocrx_word' id='word_1_350' title='bbox 601 4025 697 4108; x_wconf 86' lang='lat' dir='ltr'><strong><em>spicae</em></strong></span> <span class='ocrx_word' id='word_1_351' title='bbox 720 4021 855 4104; x_wconf 89' lang='lat' dir='ltr'><strong><em>vestigio</em></strong></span> <span class='ocrx_word' id='word_1_352' title='bbox 870 4018 989 4106; x_wconf 88' lang='lat' dir='ltr'><strong><em>aliquid</em></strong></span> <span class='ocrx_word' id='word_1_353' title='bbox 1006 4021 1142 4085; x_wconf 87' lang='lat' dir='ltr'><strong><em>laesionis</em></strong></span> <span class='ocrx_word' id='word_1_354' title='bbox 1158 4021 1291 4085; x_wconf 88' lang='lat' dir='ltr'><strong><em>invenit.</em></strong></span> 
     </span>
     <span class='ocr_line' id='line_1_40' title="bbox 152 4107 1292 4195; baseline -0.001 -23"><span class='ocrx_word' id='word_1_355' title='bbox 152 4109 279 4194; x_wconf 81' lang='lat' dir='ltr'><strong><em>Quippe</em></strong></span> <span class='ocrx_word' id='word_1_356' title='bbox 304 4133 392 4176; x_wconf 85' lang='lat' dir='ltr'><strong><em>aucae</em></strong></span> <span class='ocrx_word' id='word_1_357' title='bbox 414 4111 544 4175; x_wconf 84' lang='lat' dir='ltr'><strong><em>inclusae</em></strong></span> <span class='ocrx_word' id='word_1_358' title='bbox 564 4111 670 4195; x_wconf 88' lang='lat' dir='ltr'><strong><em>capita</em></strong></span> <span class='ocrx_word' id='word_1_359' title='bbox 688 4110 880 4174; x_wconf 88' lang='lat' dir='ltr'><strong><em>claudebant</em></strong></span> <span class='ocrx_word' id='word_1_360' title='bbox 895 4107 927 4169; x_wconf 91' lang='lat' dir='ltr'><strong><em>iu</em></strong></span> <span class='ocrx_word' id='word_1_361' title='bbox 944 4107 1010 4186; x_wconf 88' lang='lat' dir='ltr'><strong><em>alis,</em></strong></span> <span class='ocrx_word' id='word_1_362' title='bbox 1028 4123 1061 4173; x_wconf 89' lang='lat' dir='ltr'><strong><em>et</em></strong></span> <span class='ocrx_word' id='word_1_363' title='bbox 1078 4121 1228 4193; x_wconf 88' lang='lat' dir='ltr'><strong><em>tanquam</em></strong></span> <span class='ocrx_word' id='word_1_364' title='bbox 1245 4107 1292 4171; x_wconf 91' lang='lat' dir='ltr'><strong><em>ni-</em></strong></span> 
     </span>
     <span class='ocr_line' id='line_1_41' title="bbox 148 4194 1291 4282; baseline -0.004 -20"><span class='ocrx_word' id='word_1_365' title='bbox 148 4197 212 4262; x_wconf 92' lang='lat' dir='ltr'><strong><em>chil</em></strong></span> <span class='ocrx_word' id='word_1_366' title='bbox 236 4198 299 4262; x_wconf 92' lang='lat' dir='ltr'><strong><em>cibi</em></strong></span> <span class='ocrx_word' id='word_1_367' title='bbox 323 4198 366 4260; x_wconf 90' lang='lat' dir='ltr'><strong><em>eis</em></strong></span> <span class='ocrx_word' id='word_1_368' title='bbox 390 4213 474 4262; x_wconf 87' lang='lat' dir='ltr'><strong><em>esset</em></strong></span> <span class='ocrx_word' id='word_1_369' title='bbox 497 4198 688 4282; x_wconf 90' lang='lat' dir='ltr'><strong><em>appositum,</em></strong></span> <span class='ocrx_word' id='word_1_370' title='bbox 717 4197 836 4258; x_wconf 88' lang='lat' dir='ltr'><strong><em>victum</em></strong></span> <span class='ocrx_word' id='word_1_371' title='bbox 859 4194 989 4258; x_wconf 89' lang='lat' dir='ltr'><strong><em>solitum</em></strong></span> <span class='ocrx_word' id='word_1_372' title='bbox 1012 4209 1233 4282; x_wconf 85' lang='lat' dir='ltr'><strong><em>expectantes,</em></strong></span> <span class='ocrx_word' id='word_1_373' title='bbox 1259 4195 1291 4258; x_wconf 91' lang='lat' dir='ltr'><strong><em>in</em></strong></span> 
     </span>
     <span class='ocr_line' id='line_1_42' title="bbox 144 4282 1290 4371; baseline -0.004 -21"><span class='ocrx_word' id='word_1_374' title='bbox 144 4309 225 4371; x_wconf 89' lang='lat' dir='ltr'><strong><em>pace</em></strong></span> <span class='ocrx_word' id='word_1_375' title='bbox 248 4286 471 4349; x_wconf 86' lang='lat' dir='ltr'><strong><em>consederunt.</em></strong></span> <span class='ocrx_word' id='word_1_376' title='bbox 518 4283 638 4347; x_wconf 89' lang='lat' dir='ltr'><strong><em>Mulier</em></strong></span> <span class='ocrx_word' id='word_1_377' title='bbox 660 4295 767 4346; x_wconf 91' lang='lat' dir='ltr'><strong><em>autem</em></strong></span> <span class='ocrx_word' id='word_1_378' title='bbox 794 4282 824 4345; x_wconf 92' lang='lat' dir='ltr'><strong><em>in</em></strong></span> <span class='ocrx_word' id='word_1_379' title='bbox 841 4305 875 4345; x_wconf 92' lang='lat' dir='ltr'><strong><em>se</em></strong></span> <span class='ocrx_word' id='word_1_380' title='bbox 890 4282 1028 4361; x_wconf 90' lang='lat' dir='ltr'><strong><em>rediens,</em></strong></span> <span class='ocrx_word' id='word_1_381' title='bbox 1045 4284 1177 4368; x_wconf 89' lang='lat' dir='ltr'><strong><em>garbam</em></strong></span> <span class='ocrx_word' id='word_1_382' title='bbox 1199 4282 1290 4358; x_wconf 82' lang='lat' dir='ltr'><strong><em>tulit3</em></strong></span> 
     </span>
     <span class='ocr_line' id='line_1_43' title="bbox 143 4369 1290 4458; baseline -0.003 -20"><span class='ocrx_word' id='word_1_383' title='bbox 143 4387 179 4438; x_wconf 84' lang='lat' dir='ltr'><strong><em>et</em></strong></span> <span class='ocrx_word' id='word_1_384' title='bbox 195 4373 326 4438; x_wconf 87' lang='lat' dir='ltr'><strong><em>alteram</em></strong></span> <span class='ocrx_word' id='word_1_385' title='bbox 344 4372 384 4438; x_wconf 89' lang='lat' dir='ltr'><strong><em>de</em></strong></span> <span class='ocrx_word' id='word_1_386' title='bbox 401 4370 543 4436; x_wconf 88' lang='lat' dir='ltr'><strong><em>dominio</em></strong></span> <span class='ocrx_word' id='word_1_387' title='bbox 559 4393 617 4434; x_wconf 92' lang='lat' dir='ltr'><strong><em>suo</em></strong></span> <span class='ocrx_word' id='word_1_388' title='bbox 633 4369 715 4434; x_wconf 85' lang='lat' dir='ltr'><strong><em>inter</em></strong></span> <span class='ocrx_word' id='word_1_389' title='bbox 729 4369 798 4436; x_wconf 90' lang='lat' dir='ltr'><strong><em>illas</em></strong></span> <span class='ocrx_word' id='word_1_390' title='bbox 813 4370 959 4457; x_wconf 87' lang='lat' dir='ltr'><strong><em>projecit,</em></strong></span> <span class='ocrx_word' id='word_1_391' title='bbox 971 4395 1044 4458; x_wconf 91' lang='lat' dir='ltr'><strong><em>quae</em></strong></span> <span class='ocrx_word' id='word_1_392' title='bbox 1056 4371 1153 4438; x_wconf 85' lang='lat' dir='ltr'><strong><em>etiam</em></strong></span> <span class='ocrx_word' id='word_1_393' title='bbox 1165 4381 1290 4436; x_wconf 88' lang='lat' dir='ltr'><strong><em>astante</em></strong></span> 
     </span>
    </p>
   </div>
   <div class='ocr_carea' id='block_1_5' title="bbox 0 0 1448 5018">
    <p class='ocr_par' dir='ltr' id='par_1_5' title="bbox 0 0 1448 5018">
     <span class='ocr_line' id='line_1_44' title="bbox 0 0 1448 5018; baseline 0 7"><span class='ocrx_word' id='word_1_394' title='bbox 0 0 1448 5018; x_wconf 95' lang='lat' dir='ltr'><strong><em> </em></strong></span> 
     </span>
    </p>
   </div>
  </div>
 </body>
</html>
