2888 5018
509 364 770 492 curareris?
792 487 801 501 ·

182 574 466 664 neapuusmne,
482 574 596 664 quibus
611 575 711 640 sosas
724 554 923 672 adaptant,

183 667 285 733 Plane
301 663 477 750 paudebas,
495 663 670 749 pandendo
684 652 950 747 cavenedqcebas
966 684 973 726 ε

182 754 318 830 Dicens,
335 753 384 816 bis
400 752 478 815 loris
493 751 638 837 capietur
652 751 758 816 nudus
774 753 948 839 emoriar,

185 844 261 916 Quo
277 840 332 928 qui
347 841 503 918 firmatur,
521 850 695 925 sanctaque
711 839 775 904 fide
790 832 985 918 solidalbrs.

182 930 283 996 Liber
299 929 458 1005 transibit,
471 927 603 992 retineri
618 927 731 991 fraude
746 928 902 1013 nequibit·
919 919 940 985 ‘'-
1051 988 1060 1002 ,

186 1018 286 1094 Quot,
304 1015 469 1103 quantisve
481 1014 570 1080 malis
585 1037 637 1079 me
653 1016 699 1078 vis
714 1014 783 1079 fera
798 1011 1047 1089 daemonialis-³

183 1105 320 1170 Laedere
332 1103 520 1188 temptabat,
537 1101 685 1190 quotiens
700 1102 831 1187 derupe
845 1099 1023 1181 rotabat·-

185 1194 336 1278 Saxaque
346 1191 499 1279 jactabat,
511 1193 703 1276 jactansque
717 1213 833 1255 necare
845 1193 998 1277 parabat:

186 1281 251 1346 Sed
266 1302 325 1344 nec
336 1278 485 1355 laedebat,
499 1299 557 1342 nec
572 1277 736 1342 deterrere
750 1278 890 1346 valebat.
1151 1284 1160 1296 '

187 1370 323 1432 Sanctus
339 1389 430 1430 amor
446 1363 526 1429 tanti
542 1363 690 1451 cuiquam
706 1365 848 1450 persistit
863 1367 997 1443 amanti3

186 1455 283 1520 Pellit
296 1455 394 1520 corde
409 1465 540 1530 metum,
554 1475 744 1539 semperque
759 1453 816 1517 dat
827 1475 894 1518 esse
910 1455 1065 1541 quietum.
1166 1446 1182 1491 ·“
1205 1472 1214 1484 ·
1239 1452 1247 1463 '

185 1544 236 1609 Ne
249 1565 311 1622 me,
327 1553 435 1606 sancte
445 1554 546 1625 pater,
564 1540 695 1604 deludat
711 1539 838 1625 spiritus
853 1552 934 1619 ater,

186 1630 276 1695 Assis
288 1631 425 1716 adjutor,
444 1650 630 1714 semperque
646 1651 705 1712 per
721 1630 829 1692 omnia
840 1642 946 1705 tut0r3

190 1719 252 1784 Fac
269 1733 305 1782 ut
319 1739 422 1781 amem
437 1715 614 1793 Christum,
631 1716 686 1802 qui
702 1729 848 1781 conterat
859 1739 954 1781 omne
970 1718 1132 1783 sinistrum
1147 1741 1155 1794 3

190 1806 320 1892 Simque
335 1805 400 1868 fide
416 1805 519 1881 fortiS,
538 1804 667 1867 devicto
679 1803 823 1888 principe
840 1806 959 1871 mortis.

186 1894 253 1958 Fac
265 1916 316 1956 me
332 1914 426 1976 posse
441 1891 540 1977 sequi,
551 1913 624 1978 quae
636 1905 710 1955 sunt
725 1890 812 1954 bona
821 1894 904 1977 juris
920 1907 952 1958 et
966 1894 1071 1981 aequi3

187 1981 237 2046 Te
253 2003 368 2067 sequar
384 2002 425 2043 ex
439 1997 515 2043 voto
530 2002 663 2064 prorsus
679 1993 810 2062 torpore
826 1997 969 2056 remot03

189 2070 351 2156 Hancque
363 2066 503 2131 tenendo
519 2067 603 2130 viam
617 2086 740 2129 merear
756 2079 829 2149 post
845 2067 958 2135 funera
973 2068 1071 2134 vitam

190 2157 237 2224 Ut
251 2179 310 2243 per·
325 2169 357 2220 te
381 2170 485 2220 tecum
502 2152 579 2219 felix
595 2154 738 2218 collocer
752 2152 785 2217 in
801 2176 915 2224 aevum.

144 2497 259 2581 [CAP.
278 2497 571 2579 XXIIJq-Quod
585 2498 709 2582 AElfled
722 2499 878 2562 abbatissa
893 2507 922 2561 et
934 2499 1001 2581 eJ'us
1009 2502 1118 2581 puella

369 2606 430 2668 per
445 2588 529 2650 illius
544 2607 657 2650 zonam
672 2589 736 2649 sint
750 2594 874 2650 curato.

189 2815 318 2896 Corpus
333 2831 441 2895 pressa
456 2807 557 2886 malis,
572 2807 694 2872 AEllled
706 2805 966 2884 sanctimonialis,

191 2902 287 2965 Curis
303 2897 466 2963 nullorum
483 2909 609 2982 poterat
624 2897 713 2959 refici
730 2895 940 2959 medicorum.

174 2989 222 3067 1Ο
241 2987 422 3052 Cuthberte
439 2983 548 3049 sacer!
575 2998 630 3048 tua
646 3006 778 3048 munera
794 2984 841 3046 vis
856 2981 939 3067 fugit
950 3004 1041 3059 acer3

191 3076 297 3151 Quam
309 3087 345 3138 tu
360 3073 482 3150 misisti,
500 3094 581 3136 zona
596 3072 743 3136 morbum
760 3071 930 3156 pepulisti:

193 3165 268 3237 Qua
283 3184 318 3226 se
333 3163 523 3251 succingens
535 3161 681 3224 meritum
696 3172 828 3224 sanatur
839 3160 881 3224 ob
897 3161 1022 3247 ingens.

190 3252 355 3336 Tempore
370 3264 445 3334 post
462 3248 588 3312 modico
600 3247 775 3332 languebat
786 3248 932 3313 etaltera
948 3245 1048 3335 virgo,

193 3340 282 3405 Pene
298 3352 409 3402 coacta
425 3338 518 3414 mori,
536 3336 649 3422 capitis
661 3358 830 3422 suppressa
845 3333 970 3400 dolori:

193 3426 259 3494 Sed
275 3425 374 3490 virtus
387 3425 510 3490 cladem
524 3447 607 3488 zona
622 3425 753 3509 depellit
769 3424 899 3498 eadem3

192 3515 278 3580 Nam
293 3535 371 3577 mox
386 3525 525 3590 sanatur,
543 3524 578 3575 ut
594 3513 625 3576 ei
636 3524 734 3597 caput
748 3511 823 3576 inde
838 3510 965 3598 ligatur.

193 3603 257 3669 Sed
269 3601 395 3679 mirum,
412 3622 496 3665 zona
511 3614 586 3685 post
596 3601 750 3663 virtutum
766 3599 930 3662 duodone

195 3689 272 3755 Non
288 3691 333 3754 ibi
349 3710 414 3752 non
427 3710 562 3775 usquam
578 3687 712 3774 reperiri
727 3688 875 3774 quiverat
890 3709 1042 3775 unquam.

194 3778 258 3856 Tu,
276 3776 338 3863 pie,
350 3789 394 3854 tu,
410 3789 508 3853 tante,
525 3775 646 3860 pietate
659 3789 716 3839 tua
730 3774 922 3852 medicante,

194 3865 297 3932 Aufer
307 3865 510 3952 languorem,
529 3886 567 3928 ne
583 3864 654 3927 dira
669 3878 772 3928 morte
789 3861 943 3942 laborem,

197 3955 312 4038 Culpae
329 3953 518 4038 languorem
536 3952 743 4038 languoribus
759 3951 968 4037 asperiorem.

196 4042 275 4107 Heu
291 4056 495 4128 peccatorum
512 4061 608 4126 quarn
625 4061 741 4122 magna
755 4041 898 4127 gravedo
913 4034 1074 4104 meorum!

196 4130 252 4195 Nil
268 4129 382 4195 animae
397 4127 524 4212 gravius
537 4148 636 4214 quam
652 4128 778 4192 sarcina
791 4128 945 4214 ponderis
962 4126 1073 4210 hujus:

199 4217 251 4282 Ad
262 4218 367 4282 labem
384 4215 497 4303 vergit,
511 4216 643 4279 mise'ros
655 4216 689 4277 in
706 4228 826 4281 tartara
841 4215 967 4302 mergit.

199 4305 261 4370 His
277 4327 338 4381 me,
352 4325 471 4390 quaeso,
485 4301 587 4380 malis,
605 4314 707 4387 pater,
720 4303 818 4388 eripe,
836 4299 1020 4387 spiritualis:

198 4390 292 4459 Mole
302 4411 432 4480 gemens
444 4403 544 4470 tanta,
560 4390 660 4471 lever,
677 4413 746 4470 oro,
764 4402 820 4456 tua
833 4411 929 4478 prece
945 4400 1066 4456 sancto.
