2888 5018
261 380 335 459 106
707 403 800 458 vrrs
827 403 967 458 esrom

395 567 459 633 Cui
474 579 572 654 caput
586 581 683 656 atque
700 570 782 634 latus
798 570 907 654 magui
921 570 1049 635 filerunt
1064 571 1236 644 cruciatus.

393 655 503 735 Hanc,
520 669 556 721 ut
570 658 728 722 inunxisti
743 671 870 724 sacrato
882 657 1031 724 crismate
1047 657 1171 725 Christi

393 741 525 809 Viribus
540 746 667 831 integra
681 747 730 824 fit,
748 769 821 834 quae
837 745 1000 812 defecerat
1016 769 1106 836 agra

352 1073 469 1156 [CAP.
494 1072 771 1227 mxl-tm
781 1076 1216 1228 &amedeum
1238 1082 1333 1164 r‘rffir.

398 1388 458 1451 Vir
473 1386 590 1450 morbo
605 1385 710 1464 laesus,
727 1385 895 1473 multoque
910 1385 1024 1451 dolore
1039 1407 1185 1474 peresus,

401 1475 522 1539 Tabuit
536 1476 569 1537 in
586 1475 695 1552 letum,
712 1497 764 1538 res
779 1474 916 1537 advocat
931 1474 1030 1538 anxia
1044 1488 1174 1555 ooetum,

399 1564 529 1629 Coetum
545 1583 692 1627 carorum
708 1561 824 1648 quibus
841 1572 930 1626 extat
946 1585 1042 1627 causa
1057 1561 1222 1630 dolorum:

400 1651 484 1715 Cum
502 1648 608 1714 subito
624 1671 753 1734 panem,
770 1648 827 1712 sed
843 1670 909 1713 non
924 1651 1053 1714 virtutis
1064 1650 1203 1731 inanem,

399 1738 531 1822 Quippe
547 1758 671 1801 sacrum
687 1760 812 1814 munus,
830 1737 959 1800 illorum
973 1738 1109 1821 protulit
1124 1763 1224 1804 unus:

400 1824 550 1903 Protulit,
567 1839 601 1889 et
615 1825 708 1902 dixit,
724 1823 811 1888 huno
828 1824 1026 1890 Cuthbertus
1049 1826 1237 1904 benedixit3

317 1953 321 1961 ·
397 1913 485 1978 Mira
500 1935 558 1997 per
573 1914 661 1976 hunc
677 1914 774 1977 credo
790 1914 888 1975 virtus
904 1913 1031 1998 parebit
1045 1914 1079 1976 in
1094 1937 1195 2002 aegro.

398 2001 484 2067 Mox
499 2003 650 2067 miscetur
665 2003 754 2087 aquis
769 2000 931 2066 benedicti
946 2002 1054 2087 portio
1068 2004 1183 2087 pauiu

398 2088 487 2153 Hinc
502 2111 592 2173 aegro
606 2089 718 2153 bibere
734 2102 904 2174 postquam
919 2089 1083 2153 credendo
1098 2089 1219 2156 dedere

395 2179 503 2244 Gustu
519 2176 663 2261 pauxillo
678 2178 835 2261 languore
850 2191 988 2242 novatur
1002 2177 1044 2240 ab
1059 2175 1133 2240 illo:

397 2265 508 2352 Surgit
524 2279 558 2329 et
573 2265 705 2342 incedit,
723 2281 757 2328 et
772 2264 813 2328 de
828 2287 862 2328 se
877 2265 933 2328 vix
948 2265 1010 2329 sibi
1024 2264 1148 2343 oredit3

395 2352 538 2417 Tantum
556 2355 691 2417 miratur
706 2353 794 2440 quod
810 2365 875 2417 tam
892 2353 1000 2418 subito
1014 2365 1200 2422 renovatur.

351 2684 468 2774 [CAP.
496 2680 787 2763 xxm-Quor
798 2682 945 2762 juvenem
963 2682 1038 2747 lecto
1062 2682 1108 2749 ud
1132 2701 1164 2745 se
1188 2681 1326 2753 delutum

604 2773 680 2835 duta
693 2771 1071 2837 mamistanensem

394 2987 542 3073 Cumque
557 2986 612 3070 pia
626 3008 705 3049 cura
718 3007 775 3070 per
798 2983 974 3070 pastoralia
984 2984 1061 3069 jura

393 3074 501 3139 Plebis
518 3075 697 3138 commissae
713 3073 785 3137 loca
800 3075 927 3146 lustras,
941 3071 1079 3158 pervigil
1095 3073 1175 3161 ipse,

393 3163 479 3227 Eece
494 3162 554 3226 tibi
569 3166 662 3239 latus,
679 3160 763 3225 lecto
779 3162 894 3225 misere
909 3160 1082 3238 cruciatus,

393 3250 497 3335 AEger
509 3251 599 3314 adest
615 3273 707 3327 unus,
725 3271 827 3334 prope
844 3247 914 3311 solo
929 3269 1065 3334 corpore
1080 3247 1176 3311 funus

398 3337 484 3403 Nam
500 3361 602 3425 prope
615 3337 800 3423 compulsus
817 3334 923 3401 fuerat
942 3334 983 3399 de
1005 3337 1081 3401 sede
1102 3334 1248 3400 revulsus

395 3427 544 3512 Spiritus,
569 3438 602 3490 et
618 3446 762 3490 macrum
772 3423 877 3511 jacuit
892 3423 987 3486 miser
1003 3422 1056 3489 hio
1070 3422 1301 3489 simulacrum:

393 3513 457 3593 Tu,
475 3514 629 3579 miserans
645 3514 748 3589 illum,
766 3510 904 3597 supplex
919 3511 1054 3590 orand0,
1070 3510 1224 3599 pusillum

393 3601 445 3664 Ex
462 3604 580 3668 virtute
595 3601 699 3667 crucis
713 3599 788 3662 vitae
804 3598 948 3663 sanando
963 3599 1101 3664 reducis.

395 3688 461 3763 Qui
476 3688 538 3756 fuit
552 3689 706 3754 advectus
723 3686 808 3751 redit
823 3687 891 3772 ipse
903 3686 1006 3753 salute
1021 3687 1172 3753 refectus.
