<?xml version="1.0" encoding="UTF-8"?>
<!DOCTYPE html PUBLIC "-//W3C//DTD XHTML 1.0 Transitional//EN"
    "http://www.w3.org/TR/xhtml1/DTD/xhtml1-transitional.dtd">
<html xmlns="http://www.w3.org/1999/xhtml" xml:lang="en" lang="en">
 <head>
  <title>
</title>
<meta http-equiv="Content-Type" content="text/html;charset=utf-8" />
  <meta name='ocr-system' content='tesseract 3.04.00' />
  <meta name='ocr-capabilities' content='ocr_page ocr_carea ocr_par ocr_line ocrx_word'/>
</head>
<body>
  <div class='ocr_page' id='page_1' title='image "./miscellaneabiog00raingoog_0059.png"; bbox 0 0 2888 5018; ppageno 0'>
   <div class='ocr_carea' id='block_1_1' title="bbox 145 364 843 430">
    <p class='ocr_par' dir='ltr' id='par_1_1' title="bbox 145 364 843 430">
     <span class='ocr_line' id='line_1_1' title="bbox 145 364 843 430; baseline -0.004 -2"><span class='ocrx_word' id='word_1_1' title='bbox 145 364 193 430; x_wconf 83' lang='lat'><strong>38</strong></span> <span class='ocrx_word' id='word_1_2' title='bbox 588 378 677 428; x_wconf 79' lang='lat' dir='ltr'><strong>vnn</strong></span> <span class='ocrx_word' id='word_1_3' title='bbox 707 377 843 426; x_wconf 78' lang='lat' dir='ltr'><strong>oswnu</strong></span> 
     </span>
    </p>
   </div>
   <div class='ocr_carea' id='block_1_2' title="bbox 144 538 1288 1594">
    <p class='ocr_par' dir='ltr' id='par_1_2' title="bbox 144 538 1288 1594">
     <span class='ocr_line' id='line_1_2' title="bbox 144 538 1275 629; baseline -0.006 -20"><span class='ocrx_word' id='word_1_4' title='bbox 144 542 270 609; x_wconf 76' lang='lat' dir='ltr'><strong>multa?</strong></span> <span class='ocrx_word' id='word_1_5' title='bbox 329 543 405 606; x_wconf 87' lang='lat' dir='ltr'><strong>Sola</strong></span> <span class='ocrx_word' id='word_1_6' title='bbox 427 543 539 606; x_wconf 90' lang='lat' dir='ltr'><strong>domus</strong></span> <span class='ocrx_word' id='word_1_7' title='bbox 566 566 639 629; x_wconf 88' lang='lat' dir='ltr'><strong>quae</strong></span> <span class='ocrx_word' id='word_1_8' title='bbox 663 554 844 606; x_wconf 88' lang='lat' dir='ltr'><strong>constructa</strong></span> <span class='ocrx_word' id='word_1_9' title='bbox 859 552 928 604; x_wconf 85' lang='lat' dir='ltr'><strong>erat</strong></span> <span class='ocrx_word' id='word_1_10' title='bbox 943 540 984 603; x_wconf 89' lang='lat' dir='ltr'><strong>ad</strong></span> <span class='ocrx_word' id='word_1_11' title='bbox 1000 562 1091 603; x_wconf 88' lang='lat' dir='ltr'><strong>usum</strong></span> <span class='ocrx_word' id='word_1_12' title='bbox 1107 538 1275 624; x_wconf 86' lang='lat' dir='ltr'><strong>hospitum,</strong></span> 
     </span>
     <span class='ocr_line' id='line_1_3' title="bbox 144 628 1277 716; baseline -0.004 -21"><span class='ocrx_word' id='word_1_13' title='bbox 144 630 202 695; x_wconf 90' lang='lat' dir='ltr'><strong>sed</strong></span> <span class='ocrx_word' id='word_1_14' title='bbox 218 630 288 715; x_wconf 84' lang='lat' dir='ltr'><strong>jam</strong></span> <span class='ocrx_word' id='word_1_15' title='bbox 303 643 454 716; x_wconf 88' lang='lat' dir='ltr'><strong>usurpata</strong></span> <span class='ocrx_word' id='word_1_16' title='bbox 471 631 514 695; x_wconf 92' lang='lat' dir='ltr'><strong>ad</strong></span> <span class='ocrx_word' id='word_1_17' title='bbox 529 630 687 696; x_wconf 83' lang='lat' dir='ltr'><strong>abusionis</strong></span> <span class='ocrx_word' id='word_1_18' title='bbox 703 629 851 705; x_wconf 89' lang='lat' dir='ltr'><strong>officium,</strong></span> <span class='ocrx_word' id='word_1_19' title='bbox 869 628 958 715; x_wconf 82' lang='lat' dir='ltr'>quasi</span> <span class='ocrx_word' id='word_1_20' title='bbox 973 651 1028 692; x_wconf 89' lang='lat' dir='ltr'><strong>rea</strong></span> <span class='ocrx_word' id='word_1_21' title='bbox 1042 640 1077 692; x_wconf 92' lang='lat' dir='ltr'><strong>et</strong></span> <span class='ocrx_word' id='word_1_22' title='bbox 1092 650 1277 691; x_wconf 84' lang='lat' dir='ltr'><strong>excessuum</strong></span> 
     </span>
     <span class='ocr_line' id='line_1_4' title="bbox 147 715 1278 804; baseline -0.004 -21"><span class='ocrx_word' id='word_1_23' title='bbox 147 718 272 783; x_wconf 88' lang='lat' dir='ltr'><strong>conscia</strong></span> <span class='ocrx_word' id='word_1_24' title='bbox 286 717 434 784; x_wconf 90' lang='lat' dir='ltr'><strong>incendio</strong></span> <span class='ocrx_word' id='word_1_25' title='bbox 449 718 631 804; x_wconf 87' lang='lat' dir='ltr'>exponitur,</span> <span class='ocrx_word' id='word_1_26' title='bbox 657 730 689 783; x_wconf 88' lang='lat' dir='ltr'><strong>et</strong></span> <span class='ocrx_word' id='word_1_27' title='bbox 716 718 748 781; x_wconf 93' lang='lat' dir='ltr'><strong>in</strong></span> <span class='ocrx_word' id='word_1_28' title='bbox 772 716 921 781; x_wconf 90' lang='lat' dir='ltr'><strong>nichilum</strong></span> <span class='ocrx_word' id='word_1_29' title='bbox 936 715 1101 801; x_wconf 82' lang='lat' dir='ltr'><strong>redigitur.</strong></span> <span class='ocrx_word' id='word_1_30' title='bbox 1151 716 1194 779; x_wconf 85' lang='lat' dir='ltr'><strong>Et</strong></span> <span class='ocrx_word' id='word_1_31' title='bbox 1209 716 1278 803; x_wconf 87' lang='lat' dir='ltr'><strong>quia</strong></span> 
     </span>
     <span class='ocr_line' id='line_1_5' title="bbox 147 802 1279 894; baseline -0.002 -26"><span class='ocrx_word' id='word_1_32' title='bbox 147 805 216 870; x_wconf 83' lang='lat' dir='ltr'><strong>visa</strong></span> <span class='ocrx_word' id='word_1_33' title='bbox 230 807 366 872; x_wconf 89' lang='lat' dir='ltr'><strong>certiora</strong></span> <span class='ocrx_word' id='word_1_34' title='bbox 377 807 525 873; x_wconf 88' lang='lat' dir='ltr'><strong>videntur</strong></span> <span class='ocrx_word' id='word_1_35' title='bbox 536 830 632 894; x_wconf 89' lang='lat' dir='ltr'><strong>quam</strong></span> <span class='ocrx_word' id='word_1_36' title='bbox 646 806 766 883; x_wconf 89' lang='lat' dir='ltr'><strong>audita,</strong></span> <span class='ocrx_word' id='word_1_37' title='bbox 782 818 912 890; x_wconf 88' lang='lat' dir='ltr'><strong>rogatus</strong></span> <span class='ocrx_word' id='word_1_38' title='bbox 927 803 945 867; x_wconf 80' lang='lat' dir='ltr'><strong>ri</strong></span> <span class='ocrx_word' id='word_1_39' title='bbox 959 803 1109 868; x_wconf 88' lang='lat' dir='ltr'><strong>fratribus</strong></span> <span class='ocrx_word' id='word_1_40' title='bbox 1124 802 1196 867; x_wconf 84' lang='lat' dir='ltr'><strong>haec</strong></span> <span class='ocrx_word' id='word_1_41' title='bbox 1211 826 1279 888; x_wconf 87' lang='lat' dir='ltr'><strong>pos-</strong></span> 
     </span>
     <span class='ocr_line' id='line_1_6' title="bbox 149 891 1281 981; baseline -0.004 -22"><span class='ocrx_word' id='word_1_42' title='bbox 149 894 224 959; x_wconf 88' lang='lat' dir='ltr'><strong>teris</strong></span> <span class='ocrx_word' id='word_1_43' title='bbox 247 894 413 980; x_wconf 89' lang='lat' dir='ltr'><strong>profutura</strong></span> <span class='ocrx_word' id='word_1_44' title='bbox 433 894 551 980; x_wconf 87' lang='lat' dir='ltr'><strong>scripto</strong></span> <span class='ocrx_word' id='word_1_45' title='bbox 577 894 775 960; x_wconf 90' lang='lat' dir='ltr'><strong>committere</strong></span> <span class='ocrx_word' id='word_1_46' title='bbox 798 893 883 978; x_wconf 91' lang='lat' dir='ltr'><strong>prius</strong></span> <span class='ocrx_word' id='word_1_47' title='bbox 906 915 1000 980; x_wconf 88' lang='lat' dir='ltr'><strong>quam</strong></span> <span class='ocrx_word' id='word_1_48' title='bbox 1022 891 1211 981; x_wconf 83' lang='lat' dir='ltr'><strong>rogantibus</strong></span> <span class='ocrx_word' id='word_1_49' title='bbox 1229 913 1281 975; x_wconf 89' lang='lat' dir='ltr'><strong>pa·</strong></span> 
     </span>
     <span class='ocr_line' id='line_1_7' title="bbox 149 978 1280 1069; baseline -0.003 -25"><span class='ocrx_word' id='word_1_50' title='bbox 149 1004 265 1061; x_wconf 88' lang='lat' dir='ltr'><strong>rerem,</strong></span> <span class='ocrx_word' id='word_1_51' title='bbox 282 983 355 1047; x_wconf 89' lang='lat' dir='ltr'><strong>veni</strong></span> <span class='ocrx_word' id='word_1_52' title='bbox 370 984 411 1047; x_wconf 91' lang='lat' dir='ltr'><strong>ad</strong></span> <span class='ocrx_word' id='word_1_53' title='bbox 432 983 537 1047; x_wconf 86' lang='lat' dir='ltr'><strong>locum</strong></span> <span class='ocrx_word' id='word_1_54' title='bbox 559 982 593 1046; x_wconf 91' lang='lat' dir='ltr'><strong>in</strong></span> <span class='ocrx_word' id='word_1_55' title='bbox 616 1005 679 1069; x_wconf 93' lang='lat' dir='ltr'><strong>quo</strong></span> <span class='ocrx_word' id='word_1_56' title='bbox 702 982 817 1046; x_wconf 92' lang='lat' dir='ltr'><strong>domus</strong></span> <span class='ocrx_word' id='word_1_57' title='bbox 829 982 896 1066; x_wconf 89' lang='lat' dir='ltr'><strong>jam</strong></span> <span class='ocrx_word' id='word_1_58' title='bbox 912 981 1077 1044; x_wconf 85' lang='lat' dir='ltr'><strong>combusta</strong></span> <span class='ocrx_word' id='word_1_59' title='bbox 1090 978 1153 1042; x_wconf 90' lang='lat' dir='ltr'><strong>sita</strong></span> <span class='ocrx_word' id='word_1_60' title='bbox 1167 978 1280 1055; x_wconf 85' lang='lat' dir='ltr'><strong>fuerat,</strong></span> 
     </span>
     <span class='ocr_line' id='line_1_8' title="bbox 150 1067 1283 1157; baseline -0.003 -24"><span class='ocrx_word' id='word_1_61' title='bbox 150 1093 245 1157; x_wconf 88' lang='lat' dir='ltr'><strong>quarn</strong></span> <span class='ocrx_word' id='word_1_62' title='bbox 261 1084 294 1135; x_wconf 89' lang='lat' dir='ltr'><strong>et</strong></span> <span class='ocrx_word' id='word_1_63' title='bbox 309 1094 371 1156; x_wconf 91' lang='lat' dir='ltr'><strong>ego</strong></span> <span class='ocrx_word' id='word_1_64' title='bbox 387 1071 485 1135; x_wconf 90' lang='lat' dir='ltr'><strong>oculis</strong></span> <span class='ocrx_word' id='word_1_65' title='bbox 497 1071 650 1149; x_wconf 89' lang='lat' dir='ltr'><strong>videram,</strong></span> <span class='ocrx_word' id='word_1_66' title='bbox 664 1069 791 1156; x_wconf 86' lang='lat' dir='ltr'><strong>vidique</strong></span> <span class='ocrx_word' id='word_1_67' title='bbox 806 1067 949 1132; x_wconf 81' lang='lat' dir='ltr'><strong>miraculi</strong></span> <span class='ocrx_word' id='word_1_68' title='bbox 960 1067 1093 1152; x_wconf 89' lang='lat' dir='ltr'><strong>vestigia</strong></span> <span class='ocrx_word' id='word_1_69' title='bbox 1107 1067 1283 1131; x_wconf 89' lang='lat' dir='ltr'><strong>manifesta.</strong></span> 
     </span>
     <span class='ocr_line' id='line_1_9' title="bbox 153 1153 1284 1246; baseline -0.003 -25"><span class='ocrx_word' id='word_1_70' title='bbox 153 1157 228 1222; x_wconf 92' lang='lat' dir='ltr'><strong>Vidi</strong></span> <span class='ocrx_word' id='word_1_71' title='bbox 241 1181 375 1246; x_wconf 88' lang='lat' dir='ltr'><strong>namque</strong></span> <span class='ocrx_word' id='word_1_72' title='bbox 390 1158 559 1225; x_wconf 83' lang='lat' dir='ltr'><strong>maceriem</strong></span> <span class='ocrx_word' id='word_1_73' title='bbox 575 1171 609 1223; x_wconf 90' lang='lat' dir='ltr'><strong>et</strong></span> <span class='ocrx_word' id='word_1_74' title='bbox 622 1159 787 1222; x_wconf 87' lang='lat' dir='ltr'><strong>nonnullas</strong></span> <span class='ocrx_word' id='word_1_75' title='bbox 802 1157 956 1221; x_wconf 89' lang='lat' dir='ltr'><strong>fenestras</strong></span> <span class='ocrx_word' id='word_1_76' title='bbox 972 1156 1092 1239; x_wconf 88' lang='lat' dir='ltr'><strong>ligneas</strong></span> <span class='ocrx_word' id='word_1_77' title='bbox 1107 1153 1284 1219; x_wconf 89' lang='lat' dir='ltr'><strong>dormitorii</strong></span> 
     </span>
     <span class='ocr_line' id='line_1_10' title="bbox 151 1245 1286 1337; baseline -0.002 -28"><span class='ocrx_word' id='word_1_78' title='bbox 151 1246 255 1310; x_wconf 91' lang='lat' dir='ltr'><strong>officio</strong></span> <span class='ocrx_word' id='word_1_79' title='bbox 278 1248 359 1337; x_wconf 85' lang='lat' dir='ltr'><strong>ignis</strong></span> <span class='ocrx_word' id='word_1_80' title='bbox 382 1247 573 1332; x_wconf 88' lang='lat' dir='ltr'><strong>denigratas,</strong></span> <span class='ocrx_word' id='word_1_81' title='bbox 591 1260 624 1312; x_wconf 90' lang='lat' dir='ltr'><strong>et</strong></span> <span class='ocrx_word' id='word_1_82' title='bbox 638 1245 709 1311; x_wconf 91' lang='lat' dir='ltr'><strong>loca</strong></span> <span class='ocrx_word' id='word_1_83' title='bbox 723 1245 864 1331; x_wconf 89' lang='lat' dir='ltr'><strong>lapidum</strong></span> <span class='ocrx_word' id='word_1_84' title='bbox 879 1245 911 1307; x_wconf 93' lang='lat' dir='ltr'><strong>in</strong></span> <span class='ocrx_word' id='word_1_85' title='bbox 925 1245 1062 1308; x_wconf 88' lang='lat' dir='ltr'><strong>macerie</strong></span> <span class='ocrx_word' id='word_1_86' title='bbox 1077 1266 1191 1321; x_wconf 90' lang='lat' dir='ltr'><strong>vacua,</strong></span> <span class='ocrx_word' id='word_1_87' title='bbox 1209 1265 1286 1330; x_wconf 86' lang='lat' dir='ltr'><strong>qnos</strong></span> 
     </span>
     <span class='ocr_line' id='line_1_11' title="bbox 149 1331 1287 1418; baseline -0.001 -23"><span class='ocrx_word' id='word_1_88' title='bbox 149 1333 246 1418; x_wconf 89' lang='lat' dir='ltr'><strong>ignea</strong></span> <span class='ocrx_word' id='word_1_89' title='bbox 260 1335 306 1398; x_wconf 92' lang='lat' dir='ltr'><strong>vis</strong></span> <span class='ocrx_word' id='word_1_90' title='bbox 322 1335 549 1400; x_wconf 87' lang='lat' dir='ltr'><strong>comminuerat</strong></span> <span class='ocrx_word' id='word_1_91' title='bbox 573 1348 605 1400; x_wconf 90' lang='lat' dir='ltr'><strong>et</strong></span> <span class='ocrx_word' id='word_1_92' title='bbox 628 1346 822 1399; x_wconf 86' lang='lat' dir='ltr'><strong>excusserat.</strong></span> <span class='ocrx_word' id='word_1_93' title='bbox 870 1333 913 1396; x_wconf 84' lang='lat' dir='ltr'><strong>Et</strong></span> <span class='ocrx_word' id='word_1_94' title='bbox 928 1355 967 1397; x_wconf 94' lang='lat' dir='ltr'><strong>eo</strong></span> <span class='ocrx_word' id='word_1_95' title='bbox 983 1331 1133 1395; x_wconf 86' lang='lat' dir='ltr'><strong>fidentius</strong></span> <span class='ocrx_word' id='word_1_96' title='bbox 1149 1331 1287 1395; x_wconf 88' lang='lat' dir='ltr'><strong>scribere</strong></span> 
     </span>
     <span class='ocr_line' id='line_1_12' title="bbox 149 1419 1288 1510; baseline -0.002 -25"><span class='ocrx_word' id='word_1_97' title='bbox 149 1424 346 1508; x_wconf 85' lang='lat' dir='ltr'><strong>praesumpsi,</strong></span> <span class='ocrx_word' id='word_1_98' title='bbox 357 1423 444 1510; x_wconf 93' lang='lat' dir='ltr'><strong>quod</strong></span> <span class='ocrx_word' id='word_1_99' title='bbox 456 1446 519 1486; x_wconf 93' lang='lat' dir='ltr'><strong>non</strong></span> <span class='ocrx_word' id='word_1_100' title='bbox 536 1423 675 1488; x_wconf 90' lang='lat' dir='ltr'><strong>videram</strong></span> <span class='ocrx_word' id='word_1_101' title='bbox 687 1423 744 1486; x_wconf 88' lang='lat' dir='ltr'><strong>sed</strong></span> <span class='ocrx_word' id='word_1_102' title='bbox 756 1421 929 1487; x_wconf 84' lang='lat' dir='ltr'><strong>alfidelibus</strong></span> <span class='ocrx_word' id='word_1_103' title='bbox 944 1419 1118 1498; x_wconf 88' lang='lat' dir='ltr'><strong>audieram,</strong></span> <span class='ocrx_word' id='word_1_104' title='bbox 1125 1442 1192 1506; x_wconf 90' lang='lat' dir='ltr'><strong>quo</strong></span> <span class='ocrx_word' id='word_1_105' title='bbox 1201 1419 1288 1504; x_wconf 87' lang='lat' dir='ltr'><strong>signa</strong></span> 
     </span>
     <span class='ocr_line' id='line_1_13' title="bbox 147 1510 884 1594; baseline 0 -20"><span class='ocrx_word' id='word_1_106' title='bbox 147 1510 213 1594; x_wconf 89' lang='lat' dir='ltr'><strong>jam</strong></span> <span class='ocrx_word' id='word_1_107' title='bbox 229 1510 315 1575; x_wconf 91' lang='lat' dir='ltr'><strong>dicta</strong></span> <span class='ocrx_word' id='word_1_108' title='bbox 329 1511 468 1576; x_wconf 90' lang='lat' dir='ltr'><strong>videndo</strong></span> <span class='ocrx_word' id='word_1_109' title='bbox 484 1512 606 1575; x_wconf 91' lang='lat' dir='ltr'><strong>auditui</strong></span> <span class='ocrx_word' id='word_1_110' title='bbox 621 1510 719 1574; x_wconf 88' lang='lat' dir='ltr'><strong>fidem</strong></span> <span class='ocrx_word' id='word_1_111' title='bbox 734 1510 884 1574; x_wconf 85' lang='lat' dir='ltr'><strong>feceram.</strong></span> 
     </span>
    </p>
   </div>
   <div class='ocr_carea' id='block_1_3' title="bbox 153 1773 1291 2016">
    <p class='ocr_par' dir='ltr' id='par_1_3' title="bbox 153 1773 1291 2016">
     <span class='ocr_line' id='line_1_14' title="bbox 153 1773 1289 1858; baseline -0.001 -20"><span class='ocrx_word' id='word_1_112' title='bbox 153 1773 253 1839; x_wconf 82' lang='lat' dir='ltr'><strong>cAP.</strong></span> <span class='ocrx_word' id='word_1_113' title='bbox 269 1774 360 1839; x_wconf 88' lang='lat' dir='ltr'><strong>XXI</strong></span> <span class='ocrx_word' id='word_1_114' title='bbox 361 1774 600 1854; x_wconf 62' lang='lat' dir='ltr'><strong>tt-Qmmouo</strong></span> <span class='ocrx_word' id='word_1_115' title='bbox 613 1777 739 1858; x_wconf 81' lang='lat' dir='ltr'><strong>quidum</strong></span> <span class='ocrx_word' id='word_1_116' title='bbox 753 1795 821 1838; x_wconf 83' lang='lat' dir='ltr'><strong>cum</strong></span> <span class='ocrx_word' id='word_1_117' title='bbox 835 1775 927 1838; x_wconf 64' lang='grc' dir='ltr'><em>ὒοόιιε</em></span> <span class='ocrx_word' id='word_1_118' title='bbox 940 1775 985 1837; x_wconf 83' lang='lat' dir='ltr'><strong>ud</strong></span> <span class='ocrx_word' id='word_1_119' title='bbox 1004 1774 1289 1856; x_wconf 63' lang='lat' dir='ltr'><strong>qrmdmyamjmc-</strong></span> 
     </span>
     <span class='ocr_line' id='line_1_15' title="bbox 186 1860 1291 2016; baseline 0 -90"><span class='ocrx_word' id='word_1_120' title='bbox 186 1926 189 1931; x_wconf 79' lang='grc'>,</span> <span class='ocrx_word' id='word_1_121' title='bbox 237 1865 523 2016; x_wconf 44' lang='grc' dir='ltr'><strong>ιιξῖἒνᾱέἡὲᾳξέἑείἰίο</strong></span> <span class='ocrx_word' id='word_1_122' title='bbox 544 1862 653 1928; x_wconf 75' lang='lat' dir='ltr'><strong>amatis</strong></span> <span class='ocrx_word' id='word_1_123' title='bbox 674 1882 825 1938; x_wconf 80' lang='lat' dir='ltr'><strong>corruens,</strong></span> <span class='ocrx_word' id='word_1_124' title='bbox 838 1883 896 1945; x_wconf 82' lang='lat' dir='ltr'><strong>per</strong></span> <span class='ocrx_word' id='word_1_125' title='bbox 910 1882 977 1926; x_wconf 86' lang='lat' dir='ltr'><strong>eum</strong></span> <span class='ocrx_word' id='word_1_126' title='bbox 991 1860 1012 1924; x_wconf 86' lang='lat' dir='ltr'><strong>d</strong></span> <span class='ocrx_word' id='word_1_127' title='bbox 1029 1863 1170 1943; x_wconf 78' lang='lat' dir='ltr'><strong>pcn‘culo</strong></span> <span class='ocrx_word' id='word_1_128' title='bbox 1185 1864 1291 1926; x_wconf 79' lang='lat' dir='ltr'><strong>mortis</strong></span> 
     </span>
    </p>
   </div>
   <div class='ocr_carea' id='block_1_4' title="bbox 91 2123 1291 2476">
    <p class='ocr_par' dir='ltr' id='par_1_4' title="bbox 91 2123 1291 2476">
     <span class='ocr_line' id='line_1_16' title="bbox 163 2123 1291 2212; baseline 0 -24"><span class='ocrx_word' id='word_1_129' title='bbox 163 2160 165 2165; x_wconf 95' lang='lat'>·</span> <span class='ocrx_word' id='word_1_130' title='bbox 198 2123 322 2188; x_wconf 90' lang='lat' dir='ltr'><strong>Diebus</strong></span> <span class='ocrx_word' id='word_1_131' title='bbox 341 2129 408 2212; x_wconf 87' lang='lat' dir='ltr'><strong>jam</strong></span> <span class='ocrx_word' id='word_1_132' title='bbox 434 2125 511 2189; x_wconf 90' lang='lat' dir='ltr'><strong>dicti</strong></span> <span class='ocrx_word' id='word_1_133' title='bbox 533 2125 645 2210; x_wconf 90' lang='lat' dir='ltr'><strong>prioris</strong></span> <span class='ocrx_word' id='word_1_134' title='bbox 672 2125 841 2202; x_wconf 86' lang='lat' dir='ltr'><strong>Ruelendi,</strong></span> <span class='ocrx_word' id='word_1_135' title='bbox 867 2123 1038 2188; x_wconf 89' lang='lat' dir='ltr'><strong>fertilitatis</strong></span> <span class='ocrx_word' id='word_1_136' title='bbox 1062 2144 1191 2188; x_wconf 88' lang='lat' dir='ltr'><strong>annona</strong></span> <span class='ocrx_word' id='word_1_137' title='bbox 1217 2123 1291 2188; x_wconf 74' lang='lat' dir='ltr'><strong>laeta</strong></span> 
     </span>
     <span class='ocr_line' id='line_1_17' title="bbox 91 2210 1291 2300; baseline 0 -25"><span class='ocrx_word' id='word_1_138' title='bbox 91 2211 93 2213; x_wconf 66' lang='grc'><strong>’</strong></span> <span class='ocrx_word' id='word_1_139' title='bbox 154 2211 260 2275; x_wconf 91' lang='lat' dir='ltr'><strong>omnia</strong></span> <span class='ocrx_word' id='word_1_140' title='bbox 275 2213 390 2277; x_wconf 88' lang='lat' dir='ltr'><strong>horrea</strong></span> <span class='ocrx_word' id='word_1_141' title='bbox 408 2213 515 2276; x_wconf 88' lang='lat' dir='ltr'><strong>Sancti</strong></span> <span class='ocrx_word' id='word_1_142' title='bbox 534 2213 631 2297; x_wconf 85' lang='lat' dir='ltr'><strong>Regis</strong></span> <span class='ocrx_word' id='word_1_143' title='bbox 647 2225 680 2278; x_wconf 92' lang='lat' dir='ltr'><strong>et</strong></span> <span class='ocrx_word' id='word_1_144' title='bbox 697 2213 849 2300; x_wconf 89' lang='lat' dir='ltr'><strong>Martyris</strong></span> <span class='ocrx_word' id='word_1_145' title='bbox 869 2210 988 2277; x_wconf 90' lang='lat' dir='ltr'><strong>Oswiui</strong></span> <span class='ocrx_word' id='word_1_146' title='bbox 1003 2212 1045 2276; x_wconf 92' lang='lat' dir='ltr'><strong>de</strong></span> <span class='ocrx_word' id='word_1_147' title='bbox 1059 2211 1291 2298; x_wconf 71' lang='lat' dir='ltr'><strong>Tynemudthd</strong></span> 
     </span>
     <span class='ocr_line' id='line_1_18' title="bbox 151 2298 1290 2387; baseline 0.003 -27"><span class='ocrx_word' id='word_1_148' title='bbox 151 2298 341 2383; x_wconf 89' lang='lat' dir='ltr'><strong>repleverat,</strong></span> <span class='ocrx_word' id='word_1_149' title='bbox 359 2313 392 2364; x_wconf 90' lang='lat' dir='ltr'><strong>et</strong></span> <span class='ocrx_word' id='word_1_150' title='bbox 407 2300 510 2364; x_wconf 90' lang='lat' dir='ltr'><strong>adhuc</strong></span> <span class='ocrx_word' id='word_1_151' title='bbox 525 2323 614 2385; x_wconf 88' lang='lat' dir='ltr'><strong>seges</strong></span> <span class='ocrx_word' id='word_1_152' title='bbox 630 2315 758 2385; x_wconf 90' lang='lat' dir='ltr'><strong>superat</strong></span> <span class='ocrx_word' id='word_1_153' title='bbox 773 2300 912 2386; x_wconf 84' lang='lat' dir='ltr'><strong>copiosa.</strong></span> <span class='ocrx_word' id='word_1_154' title='bbox 958 2300 1083 2363; x_wconf 89' lang='lat' dir='ltr'><strong>Metam</strong></span> <span class='ocrx_word' id='word_1_155' title='bbox 1098 2299 1210 2387; x_wconf 86' lang='lat' dir='ltr'><strong>itaque</strong></span> <span class='ocrx_word' id='word_1_156' title='bbox 1223 2322 1290 2365; x_wconf 89' lang='lat' dir='ltr'><strong>non</strong></span> 
     </span>
     <span class='ocr_line' id='line_1_19' title="bbox 154 2386 1289 2476; baseline 0.003 -27"><span class='ocrx_word' id='word_1_157' title='bbox 154 2386 312 2451; x_wconf 88' lang='lat' dir='ltr'><strong>modicam</strong></span> <span class='ocrx_word' id='word_1_158' title='bbox 340 2400 466 2452; x_wconf 90' lang='lat' dir='ltr'><strong>struunt</strong></span> <span class='ocrx_word' id='word_1_159' title='bbox 490 2390 548 2452; x_wconf 92' lang='lat' dir='ltr'><strong>sub</strong></span> <span class='ocrx_word' id='word_1_160' title='bbox 572 2411 657 2467; x_wconf 89' lang='lat' dir='ltr'><strong>aere,</strong></span> <span class='ocrx_word' id='word_1_161' title='bbox 674 2389 707 2451; x_wconf 95' lang='lat' dir='ltr'><strong>in</strong></span> <span class='ocrx_word' id='word_1_162' title='bbox 730 2389 814 2474; x_wconf 90' lang='lat' dir='ltr'><strong>rupis</strong></span> <span class='ocrx_word' id='word_1_163' title='bbox 837 2388 1000 2474; x_wconf 87' lang='lat' dir='ltr'><strong>cujusdam</strong></span> <span class='ocrx_word' id='word_1_164' title='bbox 1022 2387 1196 2452; x_wconf 70' lang='lat' dir='ltr'><strong>eminentia</strong></span> <span class='ocrx_word' id='word_1_165' title='bbox 1217 2411 1289 2476; x_wconf 83' lang='lat' dir='ltr'><strong>quae</strong></span> 
     </span>
    </p>
   </div>
   <div class='ocr_carea' id='block_1_5' title="bbox 156 2474 1294 4239">
    <p class='ocr_par' dir='ltr' id='par_1_5' title="bbox 156 2474 1294 4239">
     <span class='ocr_line' id='line_1_20' title="bbox 156 2474 1289 2562; baseline 0.003 -26"><span class='ocrx_word' id='word_1_166' title='bbox 156 2474 370 2559; x_wconf 89' lang='lat' dir='ltr'><strong>supereminet</strong></span> <span class='ocrx_word' id='word_1_167' title='bbox 385 2498 534 2541; x_wconf 90' lang='lat' dir='ltr'><strong>occeano.</strong></span> <span class='ocrx_word' id='word_1_168' title='bbox 597 2476 648 2542; x_wconf 92' lang='lat' dir='ltr'><strong>Ut</strong></span> <span class='ocrx_word' id='word_1_169' title='bbox 662 2476 758 2540; x_wconf 89' lang='lat' dir='ltr'><strong>moris</strong></span> <span class='ocrx_word' id='word_1_170' title='bbox 773 2490 822 2542; x_wconf 94' lang='lat' dir='ltr'><strong>est</strong></span> <span class='ocrx_word' id='word_1_171' title='bbox 836 2476 1019 2562; x_wconf 90' lang='lat' dir='ltr'><strong>provinciae,</strong></span> <span class='ocrx_word' id='word_1_172' title='bbox 1036 2475 1118 2540; x_wconf 88' lang='lat' dir='ltr'><strong>servi</strong></span> <span class='ocrx_word' id='word_1_173' title='bbox 1134 2476 1289 2555; x_wconf 88' lang='lat' dir='ltr'><strong>ecclesiae,</strong></span> 
     </span>
     <span class='ocr_line' id='line_1_21' title="bbox 157 2562 1289 2654; baseline 0.003 -28"><span class='ocrx_word' id='word_1_174' title='bbox 157 2585 237 2649; x_wconf 93' lang='lat' dir='ltr'><strong>quos</strong></span> <span class='ocrx_word' id='word_1_175' title='bbox 253 2562 382 2629; x_wconf 88' lang='lat' dir='ltr'><strong>Bundos</strong></span> <span class='ocrx_word' id='word_1_176' title='bbox 397 2576 512 2629; x_wconf 90' lang='lat' dir='ltr'><strong>vocant</strong></span> <span class='ocrx_word' id='word_1_177' title='bbox 526 2565 636 2654; x_wconf 74' lang='lat' dir='ltr'><strong>lingua</strong></span> <span class='ocrx_word' id='word_1_178' title='bbox 643 2566 797 2643; x_wconf 76' lang='lat' dir='ltr'><strong>materna,</strong></span> <span class='ocrx_word' id='word_1_179' title='bbox 812 2565 935 2652; x_wconf 84' lang='lat' dir='ltr'><strong>dejure</strong></span> <span class='ocrx_word' id='word_1_180' title='bbox 951 2563 1054 2649; x_wconf 91' lang='lat' dir='ltr'><strong>operis</strong></span> <span class='ocrx_word' id='word_1_181' title='bbox 1064 2564 1124 2628; x_wconf 93' lang='lat' dir='ltr'><strong>sibi</strong></span> <span class='ocrx_word' id='word_1_182' title='bbox 1138 2564 1289 2649; x_wconf 90' lang='lat' dir='ltr'><strong>impositi,</strong></span> 
     </span>
     <span class='ocr_line' id='line_1_22' title="bbox 158 2652 1292 2739; baseline 0.003 -24"><span class='ocrx_word' id='word_1_183' title='bbox 158 2673 315 2717; x_wconf 87' lang='lat' dir='ltr'><strong>annonam</strong></span> <span class='ocrx_word' id='word_1_184' title='bbox 337 2653 369 2717; x_wconf 94' lang='lat' dir='ltr'><strong>in</strong></span> <span class='ocrx_word' id='word_1_185' title='bbox 391 2653 537 2739; x_wconf 88' lang='lat' dir='ltr'><strong>plaustris</strong></span> <span class='ocrx_word' id='word_1_186' title='bbox 559 2653 621 2717; x_wconf 89' lang='lat' dir='ltr'><strong>suis</strong></span> <span class='ocrx_word' id='word_1_187' title='bbox 637 2653 678 2717; x_wconf 91' lang='lat' dir='ltr'><strong>ad</strong></span> <span class='ocrx_word' id='word_1_188' title='bbox 693 2667 829 2739; x_wconf 89' lang='lat' dir='ltr'><strong>coeptam</strong></span> <span class='ocrx_word' id='word_1_189' title='bbox 844 2666 963 2717; x_wconf 90' lang='lat' dir='ltr'><strong>metam</strong></span> <span class='ocrx_word' id='word_1_190' title='bbox 978 2652 1152 2731; x_wconf 86' lang='lat' dir='ltr'><strong>advehunt,</strong></span> <span class='ocrx_word' id='word_1_191' title='bbox 1171 2666 1205 2718; x_wconf 91' lang='lat' dir='ltr'><strong>et</strong></span> <span class='ocrx_word' id='word_1_192' title='bbox 1221 2674 1292 2718; x_wconf 91' lang='lat' dir='ltr'><strong>eam</strong></span> 
     </span>
     <span class='ocr_line' id='line_1_23' title="bbox 158 2739 1291 2829; baseline 0.002 -26"><span class='ocrx_word' id='word_1_193' title='bbox 158 2739 192 2804; x_wconf 94' lang='lat' dir='ltr'><strong>in</strong></span> <span class='ocrx_word' id='word_1_194' title='bbox 217 2740 306 2806; x_wconf 90' lang='lat' dir='ltr'><strong>brevi</strong></span> <span class='ocrx_word' id='word_1_195' title='bbox 331 2765 372 2806; x_wconf 89' lang='lat' dir='ltr'><strong>ex</strong></span> <span class='ocrx_word' id='word_1_196' title='bbox 396 2742 505 2806; x_wconf 90' lang='lat' dir='ltr'><strong>messis</strong></span> <span class='ocrx_word' id='word_1_197' title='bbox 536 2742 641 2806; x_wconf 86' lang='lat' dir='ltr'><strong>allatae</strong></span> <span class='ocrx_word' id='word_1_198' title='bbox 667 2741 861 2806; x_wconf 72' lang='lat' dir='ltr'><strong>abundantia</strong></span> <span class='ocrx_word' id='word_1_199' title='bbox 890 2741 1053 2829; x_wconf 82' lang='lat' dir='ltr'><strong>insurgere</strong></span> <span class='ocrx_word' id='word_1_200' title='bbox 1083 2741 1291 2827; x_wconf 86' lang='lat' dir='ltr'><strong>compellunt.</strong></span> 
     </span>
     <span class='ocr_line' id='line_1_24' title="bbox 161 2828 1291 2916; baseline 0 -23"><span class='ocrx_word' id='word_1_201' title='bbox 161 2828 252 2893; x_wconf 90' lang='lat' dir='ltr'><strong>Inter</strong></span> <span class='ocrx_word' id='word_1_202' title='bbox 263 2830 478 2916; x_wconf 88' lang='lat' dir='ltr'><strong>quosnomine</strong></span> <span class='ocrx_word' id='word_1_203' title='bbox 488 2853 568 2894; x_wconf 93' lang='lat' dir='ltr'><strong>unus</strong></span> <span class='ocrx_word' id='word_1_204' title='bbox 584 2831 782 2909; x_wconf 85' lang='lat' dir='ltr'><strong>Edmundus,</strong></span> <span class='ocrx_word' id='word_1_205' title='bbox 795 2830 872 2894; x_wconf 91' lang='lat' dir='ltr'><strong>dum</strong></span> <span class='ocrx_word' id='word_1_206' title='bbox 885 2829 991 2913; x_wconf 88' lang='lat' dir='ltr'><strong>bigam</strong></span> <span class='ocrx_word' id='word_1_207' title='bbox 1008 2851 1097 2892; x_wconf 89' lang='lat' dir='ltr'><strong>suam</strong></span> <span class='ocrx_word' id='word_1_208' title='bbox 1112 2851 1291 2893; x_wconf 88' lang='lat' dir='ltr'><strong>exonerare</strong></span> 
     </span>
     <span class='ocr_line' id='line_1_25' title="bbox 159 2916 1289 3006; baseline 0.004 -28"><span class='ocrx_word' id='word_1_209' title='bbox 159 2916 326 2980; x_wconf 89' lang='lat' dir='ltr'><strong>officiosius</strong></span> <span class='ocrx_word' id='word_1_210' title='bbox 340 2918 478 2996; x_wconf 88' lang='lat' dir='ltr'><strong>festinat,</strong></span> <span class='ocrx_word' id='word_1_211' title='bbox 494 2920 591 2983; x_wconf 88' lang='lat' dir='ltr'><strong>boves</strong></span> <span class='ocrx_word' id='word_1_212' title='bbox 604 2918 736 3006; x_wconf 88' lang='lat' dir='ltr'><strong>inquieti</strong></span> <span class='ocrx_word' id='word_1_213' title='bbox 751 2932 837 2983; x_wconf 87' lang='lat' dir='ltr'><strong>retro</strong></span> <span class='ocrx_word' id='word_1_214' title='bbox 853 2940 925 2981; x_wconf 88' lang='lat' dir='ltr'><strong>casu</strong></span> <span class='ocrx_word' id='word_1_215' title='bbox 941 2917 1081 3003; x_wconf 91' lang='lat' dir='ltr'><strong>quodam</strong></span> <span class='ocrx_word' id='word_1_216' title='bbox 1095 2917 1289 3001; x_wconf 83' lang='lat' dir='ltr'><strong>gradientes,</strong></span> 
     </span>
     <span class='ocr_line' id='line_1_26' title="bbox 159 3003 1291 3091; baseline 0.004 -25"><span class='ocrx_word' id='word_1_217' title='bbox 159 3003 260 3088; x_wconf 89' lang='lat' dir='ltr'><strong>ipsam</strong></span> <span class='ocrx_word' id='word_1_218' title='bbox 283 3004 390 3088; x_wconf 91' lang='lat' dir='ltr'><strong>bigam</strong></span> <span class='ocrx_word' id='word_1_219' title='bbox 412 3004 554 3089; x_wconf 88' lang='lat' dir='ltr'><strong>frugibus</strong></span> <span class='ocrx_word' id='word_1_220' title='bbox 578 3020 733 3083; x_wconf 90' lang='lat' dir='ltr'><strong>onustam,</strong></span> <span class='ocrx_word' id='word_1_221' title='bbox 750 3028 822 3070; x_wconf 89' lang='lat' dir='ltr'><strong>cum</strong></span> <span class='ocrx_word' id='word_1_222' title='bbox 841 3005 909 3090; x_wconf 91' lang='lat' dir='ltr'><strong>ipso</strong></span> <span class='ocrx_word' id='word_1_223' title='bbox 929 3004 1098 3068; x_wconf 86' lang='lat' dir='ltr'><strong>Edmundo</strong></span> <span class='ocrx_word' id='word_1_224' title='bbox 1114 3005 1291 3091; x_wconf 89' lang='lat' dir='ltr'><strong>praecipitio</strong></span> 
     </span>
     <span class='ocr_line' id='line_1_27' title="bbox 160 3091 1290 3178; baseline 0.002 -24"><span class='ocrx_word' id='word_1_225' title='bbox 160 3091 328 3155; x_wconf 89' lang='lat' dir='ltr'><strong>dederuut.</strong></span> <span class='ocrx_word' id='word_1_226' title='bbox 381 3092 446 3167; x_wconf 82' lang='lat' dir='ltr'><strong>Qui</strong></span> <span class='ocrx_word' id='word_1_227' title='bbox 467 3116 501 3156; x_wconf 89' lang='lat' dir='ltr'><strong>se</strong></span> <span class='ocrx_word' id='word_1_228' title='bbox 524 3094 634 3156; x_wconf 90' lang='lat' dir='ltr'><strong>mortis</strong></span> <span class='ocrx_word' id='word_1_229' title='bbox 657 3093 767 3157; x_wconf 89' lang='lat' dir='ltr'><strong>videns</strong></span> <span class='ocrx_word' id='word_1_230' title='bbox 790 3091 961 3157; x_wconf 89' lang='lat' dir='ltr'><strong>discrimini</strong></span> <span class='ocrx_word' id='word_1_231' title='bbox 984 3093 1177 3178; x_wconf 86' lang='lat' dir='ltr'><strong>expositum,</strong></span> <span class='ocrx_word' id='word_1_232' title='bbox 1206 3093 1290 3158; x_wconf 92' lang='lat' dir='ltr'><strong>omni</strong></span> 
     </span>
     <span class='ocr_line' id='line_1_28' title="bbox 158 3178 1291 3267; baseline 0.001 -24"><span class='ocrx_word' id='word_1_233' title='bbox 158 3201 215 3264; x_wconf 89' lang='lat' dir='ltr'><strong>spe</strong></span> <span class='ocrx_word' id='word_1_234' title='bbox 230 3178 368 3243; x_wconf 89' lang='lat' dir='ltr'><strong>vadendi</strong></span> <span class='ocrx_word' id='word_1_235' title='bbox 391 3179 547 3264; x_wconf 71' lang='lat' dir='ltr'><strong>deposita,</strong></span> <span class='ocrx_word' id='word_1_236' title='bbox 569 3181 721 3245; x_wconf 89' lang='lat' dir='ltr'><strong>Sanctum</strong></span> <span class='ocrx_word' id='word_1_237' title='bbox 740 3181 902 3245; x_wconf 90' lang='lat' dir='ltr'><strong>Oswiuum</strong></span> <span class='ocrx_word' id='word_1_238' title='bbox 925 3182 966 3245; x_wconf 91' lang='lat' dir='ltr'><strong>ad</strong></span> <span class='ocrx_word' id='word_1_239' title='bbox 989 3204 1082 3244; x_wconf 92' lang='lat' dir='ltr'><strong>suum</strong></span> <span class='ocrx_word' id='word_1_240' title='bbox 1096 3182 1291 3267; x_wconf 89' lang='lat' dir='ltr'><strong>adjutorium</strong></span> 
     </span>
     <span class='ocr_line' id='line_1_29' title="bbox 159 3266 1289 3356; baseline 0.003 -27"><span class='ocrx_word' id='word_1_241' title='bbox 159 3289 238 3331; x_wconf 91' lang='lat' dir='ltr'><strong>voce</strong></span> <span class='ocrx_word' id='word_1_242' title='bbox 259 3266 444 3332; x_wconf 88' lang='lat' dir='ltr'><strong>lacrimabili</strong></span> <span class='ocrx_word' id='word_1_243' title='bbox 467 3267 622 3347; x_wconf 88' lang='lat' dir='ltr'><strong>invitavit,</strong></span> <span class='ocrx_word' id='word_1_244' title='bbox 647 3282 680 3332; x_wconf 91' lang='lat' dir='ltr'><strong>et</strong></span> <span class='ocrx_word' id='word_1_245' title='bbox 703 3269 803 3333; x_wconf 91' lang='lat' dir='ltr'><strong>omnis</strong></span> <span class='ocrx_word' id='word_1_246' title='bbox 818 3269 937 3334; x_wconf 89' lang='lat' dir='ltr'><strong>familia</strong></span> <span class='ocrx_word' id='word_1_247' title='bbox 951 3292 1023 3356; x_wconf 90' lang='lat' dir='ltr'><strong>quae</strong></span> <span class='ocrx_word' id='word_1_248' title='bbox 1039 3284 1104 3333; x_wconf 90' lang='lat' dir='ltr'><strong>tarn</strong></span> <span class='ocrx_word' id='word_1_249' title='bbox 1119 3267 1289 3336; x_wconf 88' lang='lat' dir='ltr'><strong>miserabili</strong></span> 
     </span>
     <span class='ocr_line' id='line_1_30' title="bbox 158 3354 1290 3443; baseline 0.003 -26"><span class='ocrx_word' id='word_1_250' title='bbox 158 3355 339 3439; x_wconf 88' lang='lat' dir='ltr'><strong>spectaculo</strong></span> <span class='ocrx_word' id='word_1_251' title='bbox 353 3354 507 3421; x_wconf 88' lang='lat' dir='ltr'><strong>interfuit.</strong></span> <span class='ocrx_word' id='word_1_252' title='bbox 554 3356 640 3421; x_wconf 89' lang='lat' dir='ltr'><strong>Mira</strong></span> <span class='ocrx_word' id='word_1_253' title='bbox 653 3380 715 3422; x_wconf 90' lang='lat' dir='ltr'><strong>res.</strong></span> <span class='ocrx_word' id='word_1_254' title='bbox 762 3357 840 3422; x_wconf 88' lang='lat' dir='ltr'><strong>Ruit</strong></span> <span class='ocrx_word' id='word_1_255' title='bbox 854 3359 895 3423; x_wconf 92' lang='lat' dir='ltr'><strong>de</strong></span> <span class='ocrx_word' id='word_1_256' title='bbox 909 3381 989 3443; x_wconf 92' lang='lat' dir='ltr'><strong>rupe</strong></span> <span class='ocrx_word' id='word_1_257' title='bbox 1004 3358 1178 3443; x_wconf 89' lang='lat' dir='ltr'><strong>pendente,</strong></span> <span class='ocrx_word' id='word_1_258' title='bbox 1196 3371 1229 3424; x_wconf 91' lang='lat' dir='ltr'><strong>et</strong></span> <span class='ocrx_word' id='word_1_259' title='bbox 1250 3355 1290 3422; x_wconf 92' lang='lat' dir='ltr'><strong>ad</strong></span> 
     </span>
     <span class='ocr_line' id='line_1_31' title="bbox 160 3442 1292 3533; baseline 0.004 -26"><span class='ocrx_word' id='word_1_260' title='bbox 160 3464 239 3507; x_wconf 88' lang='lat' dir='ltr'><strong>saxa</strong></span> <span class='ocrx_word' id='word_1_261' title='bbox 260 3442 396 3523; x_wconf 90' lang='lat' dir='ltr'><strong>collisus,</strong></span> <span class='ocrx_word' id='word_1_262' title='bbox 417 3459 451 3509; x_wconf 92' lang='lat' dir='ltr'><strong>et</strong></span> <span class='ocrx_word' id='word_1_263' title='bbox 473 3445 562 3531; x_wconf 90' lang='lat' dir='ltr'><strong>quasi</strong></span> <span class='ocrx_word' id='word_1_264' title='bbox 580 3447 712 3510; x_wconf 89' lang='lat' dir='ltr'><strong>cerebro</strong></span> <span class='ocrx_word' id='word_1_265' title='bbox 727 3469 860 3510; x_wconf 88' lang='lat' dir='ltr'><strong>excusso</strong></span> <span class='ocrx_word' id='word_1_266' title='bbox 875 3447 960 3532; x_wconf 87' lang='lat' dir='ltr'><strong>prius</strong></span> <span class='ocrx_word' id='word_1_267' title='bbox 975 3459 1118 3510; x_wconf 89' lang='lat' dir='ltr'><strong>mortuus</strong></span> <span class='ocrx_word' id='word_1_268' title='bbox 1141 3469 1237 3533; x_wconf 90' lang='lat' dir='ltr'><strong>quam</strong></span> <span class='ocrx_word' id='word_1_269' title='bbox 1252 3444 1292 3511; x_wconf 88' lang='lat' dir='ltr'><strong>ad</strong></span> 
     </span>
     <span class='ocr_line' id='line_1_32' title="bbox 161 3529 1292 3621; baseline 0.004 -27"><span class='ocrx_word' id='word_1_270' title='bbox 161 3529 225 3594; x_wconf 90' lang='lat' dir='ltr'><strong>ima</strong></span> <span class='ocrx_word' id='word_1_271' title='bbox 239 3530 373 3610; x_wconf 85' lang='lat' dir='ltr'><strong>delatus,</strong></span> <span class='ocrx_word' id='word_1_272' title='bbox 391 3556 450 3597; x_wconf 88' lang='lat' dir='ltr'><strong>nec</strong></span> <span class='ocrx_word' id='word_1_273' title='bbox 465 3533 532 3619; x_wconf 88' lang='lat' dir='ltr'><strong>ipsc</strong></span> <span class='ocrx_word' id='word_1_274' title='bbox 547 3557 607 3598; x_wconf 93' lang='lat' dir='ltr'><strong>nec</strong></span> <span class='ocrx_word' id='word_1_275' title='bbox 621 3536 719 3599; x_wconf 90' lang='lat' dir='ltr'><strong>boves</strong></span> <span class='ocrx_word' id='word_1_276' title='bbox 742 3535 800 3621; x_wconf 93' lang='lat' dir='ltr'><strong>ipsi</strong></span> <span class='ocrx_word' id='word_1_277' title='bbox 823 3535 986 3599; x_wconf 88' lang='lat' dir='ltr'><strong>laesionem</strong></span> <span class='ocrx_word' id='word_1_278' title='bbox 1000 3534 1097 3598; x_wconf 89' lang='lat' dir='ltr'><strong>ullam</strong></span> <span class='ocrx_word' id='word_1_279' title='bbox 1113 3546 1292 3600; x_wconf 85' lang='lat' dir='ltr'><strong>senserunt.</strong></span> 
     </span>
     <span class='ocr_line' id='line_1_33' title="bbox 164 3618 1293 3711; baseline 0.004 -30"><span class='ocrx_word' id='word_1_280' title='bbox 164 3618 310 3683; x_wconf 86' lang='lat' dir='ltr'><strong>Accurrit</strong></span> <span class='ocrx_word' id='word_1_281' title='bbox 329 3621 466 3686; x_wconf 87' lang='lat' dir='ltr'><strong>attonita</strong></span> <span class='ocrx_word' id='word_1_282' title='bbox 481 3623 691 3708; x_wconf 88' lang='lat' dir='ltr'><strong>spectantium</strong></span> <span class='ocrx_word' id='word_1_283' title='bbox 707 3625 821 3700; x_wconf 82' lang='lat' dir='ltr'><strong>turba3</strong></span> <span class='ocrx_word' id='word_1_284' title='bbox 842 3637 875 3688; x_wconf 93' lang='lat' dir='ltr'><strong>et</strong></span> <span class='ocrx_word' id='word_1_285' title='bbox 894 3622 1109 3700; x_wconf 86' lang='lat' dir='ltr'><strong>Edmuudum,</strong></span> <span class='ocrx_word' id='word_1_286' title='bbox 1126 3644 1220 3711; x_wconf 89' lang='lat' dir='ltr'><strong>quem</strong></span> <span class='ocrx_word' id='word_1_287' title='bbox 1235 3642 1293 3686; x_wconf 82' lang='lat' dir='ltr'><strong>ex-</strong></span> 
     </span>
     <span class='ocr_line' id='line_1_34' title="bbox 160 3707 1294 3797; baseline 0.006 -29"><span class='ocrx_word' id='word_1_288' title='bbox 160 3707 279 3791; x_wconf 87' lang='lat' dir='ltr'><strong>pirasse</strong></span> <span class='ocrx_word' id='word_1_289' title='bbox 295 3710 508 3790; x_wconf 90' lang='lat' dir='ltr'><strong>crediderunt,</strong></span> <span class='ocrx_word' id='word_1_290' title='bbox 525 3712 634 3776; x_wconf 87' lang='lat' dir='ltr'><strong>famuli</strong></span> <span class='ocrx_word' id='word_1_291' title='bbox 649 3726 685 3776; x_wconf 92' lang='lat' dir='ltr'><strong>ut</strong></span> <span class='ocrx_word' id='word_1_292' title='bbox 707 3713 748 3776; x_wconf 90' lang='lat' dir='ltr'><strong>ad</strong></span> <span class='ocrx_word' id='word_1_293' title='bbox 770 3711 987 3797; x_wconf 87' lang='lat' dir='ltr'><strong>sepeliendum</strong></span> <span class='ocrx_word' id='word_1_294' title='bbox 1002 3710 1164 3775; x_wconf 88' lang='lat' dir='ltr'><strong>deferrent</strong></span> <span class='ocrx_word' id='word_1_295' title='bbox 1178 3732 1294 3796; x_wconf 91' lang='lat' dir='ltr'><strong>prope-</strong></span> 
     </span>
     <span class='ocr_line' id='line_1_35' title="bbox 162 3798 1293 3885; baseline 0.004 -28"><span class='ocrx_word' id='word_1_296' title='bbox 162 3809 324 3861; x_wconf 89' lang='lat' dir='ltr'><strong>raverunt.</strong></span> <span class='ocrx_word' id='word_1_297' title='bbox 372 3798 513 3864; x_wconf 92' lang='lat' dir='ltr'><strong>Veniunt</strong></span> <span class='ocrx_word' id='word_1_298' title='bbox 529 3801 570 3864; x_wconf 90' lang='lat' dir='ltr'><strong>ad</strong></span> <span class='ocrx_word' id='word_1_299' title='bbox 586 3800 649 3864; x_wconf 91' lang='lat' dir='ltr'><strong>ima</strong></span> <span class='ocrx_word' id='word_1_300' title='bbox 663 3800 840 3885; x_wconf 75' lang='lat' dir='ltr'><strong>praecipitii,</strong></span> <span class='ocrx_word' id='word_1_301' title='bbox 858 3813 891 3863; x_wconf 91' lang='lat' dir='ltr'><strong>et</strong></span> <span class='ocrx_word' id='word_1_302' title='bbox 907 3799 1130 3863; x_wconf 84' lang='lat' dir='ltr'><strong>AEdmundum</strong></span> <span class='ocrx_word' id='word_1_303' title='bbox 1146 3812 1180 3864; x_wconf 88' lang='lat' dir='ltr'><strong>et</strong></span> <span class='ocrx_word' id='word_1_304' title='bbox 1193 3800 1293 3864; x_wconf 91' lang='lat' dir='ltr'><strong>boves</strong></span> 
     </span>
     <span class='ocr_line' id='line_1_36' title="bbox 160 3885 1293 3974; baseline 0.004 -27"><span class='ocrx_word' id='word_1_305' title='bbox 160 3887 228 3971; x_wconf 89' lang='lat' dir='ltr'><strong>ejus</strong></span> <span class='ocrx_word' id='word_1_306' title='bbox 243 3885 406 3952; x_wconf 88' lang='lat' dir='ltr'><strong>inveniunt</strong></span> <span class='ocrx_word' id='word_1_307' title='bbox 421 3889 541 3974; x_wconf 91' lang='lat' dir='ltr'><strong>absque</strong></span> <span class='ocrx_word' id='word_1_308' title='bbox 563 3889 627 3952; x_wconf 78' lang='lat' dir='ltr'><strong>ulla</strong></span> <span class='ocrx_word' id='word_1_309' title='bbox 648 3889 863 3952; x_wconf 90' lang='lat' dir='ltr'><strong>membrorum</strong></span> <span class='ocrx_word' id='word_1_310' title='bbox 878 3887 1092 3952; x_wconf 90' lang='lat' dir='ltr'><strong>confractione</strong></span> <span class='ocrx_word' id='word_1_311' title='bbox 1107 3888 1293 3954; x_wconf 90' lang='lat' dir='ltr'><strong>incolumes.</strong></span> 
     </span>
     <span class='ocr_line' id='line_1_37' title="bbox 161 3974 1294 4062; baseline 0.003 -24"><span class='ocrx_word' id='word_1_312' title='bbox 161 3974 325 4038; x_wconf 92' lang='lat' dir='ltr'><strong>Attollunt</strong></span> <span class='ocrx_word' id='word_1_313' title='bbox 352 3998 446 4040; x_wconf 87' lang='lat' dir='ltr'><strong>voces</strong></span> <span class='ocrx_word' id='word_1_314' title='bbox 469 3998 536 4060; x_wconf 89' lang='lat' dir='ltr'><strong>prae</strong></span> <span class='ocrx_word' id='word_1_315' title='bbox 558 3974 670 4040; x_wconf 71' lang='lat' dir='ltr'><strong>laetitia</strong></span> <span class='ocrx_word' id='word_1_316' title='bbox 685 3976 726 4040; x_wconf 89' lang='lat' dir='ltr'><strong>ad</strong></span> <span class='ocrx_word' id='word_1_317' title='bbox 742 3977 857 4062; x_wconf 88' lang='lat' dir='ltr'><strong>sydera</strong></span> <span class='ocrx_word' id='word_1_318' title='bbox 872 3988 905 4039; x_wconf 90' lang='lat' dir='ltr'><strong>et</strong></span> <span class='ocrx_word' id='word_1_319' title='bbox 925 3976 1013 4061; x_wconf 91' lang='lat' dir='ltr'><strong>quasi</strong></span> <span class='ocrx_word' id='word_1_320' title='bbox 1024 3975 1184 4040; x_wconf 87' lang='lat' dir='ltr'><strong>redivivos</strong></span> <span class='ocrx_word' id='word_1_321' title='bbox 1199 3977 1294 4041; x_wconf 89' lang='lat' dir='ltr'><strong>redu-</strong></span> 
     </span>
     <span class='ocr_line' id='line_1_38' title="bbox 160 4061 1293 4151; baseline 0.003 -26"><span class='ocrx_word' id='word_1_322' title='bbox 160 4075 236 4127; x_wconf 89' lang='lat' dir='ltr'><strong>cunt</strong></span> <span class='ocrx_word' id='word_1_323' title='bbox 251 4063 293 4127; x_wconf 90' lang='lat' dir='ltr'><strong>ad</strong></span> <span class='ocrx_word' id='word_1_324' title='bbox 307 4063 480 4148; x_wconf 84' lang='lat' dir='ltr'><strong>superiora,</strong></span> <span class='ocrx_word' id='word_1_325' title='bbox 493 4061 557 4127; x_wconf 89' lang='lat' dir='ltr'><strong>Dei</strong></span> <span class='ocrx_word' id='word_1_326' title='bbox 569 4076 602 4128; x_wconf 90' lang='lat' dir='ltr'><strong>et</strong></span> <span class='ocrx_word' id='word_1_327' title='bbox 618 4064 725 4128; x_wconf 89' lang='lat' dir='ltr'><strong>Sancti</strong></span> <span class='ocrx_word' id='word_1_328' title='bbox 739 4062 890 4151; x_wconf 89' lang='lat' dir='ltr'><strong>Martyris</strong></span> <span class='ocrx_word' id='word_1_329' title='bbox 902 4063 1113 4148; x_wconf 87' lang='lat' dir='ltr'><strong>praedicantes</strong></span> <span class='ocrx_word' id='word_1_330' title='bbox 1123 4087 1180 4150; x_wconf 93' lang='lat' dir='ltr'><strong>per</strong></span> <span class='ocrx_word' id='word_1_331' title='bbox 1192 4077 1293 4130; x_wconf 88' lang='lat' dir='ltr'><strong>totam</strong></span> 
     </span>
     <span class='ocr_line' id='line_1_39' title="bbox 161 4149 489 4239; baseline 0.003 -27"><span class='ocrx_word' id='word_1_332' title='bbox 161 4149 307 4216; x_wconf 88' lang='lat' dir='ltr'><strong>viciniam</strong></span> <span class='ocrx_word' id='word_1_333' title='bbox 321 4150 489 4239; x_wconf 88' lang='lat' dir='ltr'><strong>magnalia.</strong></span> 
     </span>
    </p>
   </div>
   <div class='ocr_carea' id='block_1_6' title="bbox 0 0 1460 5018">
    <p class='ocr_par' dir='ltr' id='par_1_6' title="bbox 0 0 1460 5018">
     <span class='ocr_line' id='line_1_40' title="bbox 0 0 1460 5018; baseline 0 0"><span class='ocrx_word' id='word_1_334' title='bbox 0 0 1460 5018; x_wconf 95' lang='lat' dir='ltr'><strong> </strong></span> 
     </span>
    </p>
   </div>
  </div>
 </body>
</html>
