2820 4988
419 424 531 474 sams
559 424 783 473 Dssluoun'm.

10 587 130 652 intulit.
187 584 291 661 Quod
306 584 415 648 videns
430 585 614 650 veneranda
631 586 803 651 Comitissa
817 598 851 651 et
867 586 956 671 plebs
973 586 1038 672 igni
1053 587 1178 653 circun-

11 691 98 740 stans
121 673 310 749 innumera,
335 671 377 736 de
402 671 556 758 Martyris
581 673 700 738 merito
719 673 838 738 certior
860 688 909 738 est
933 674 1060 754 effecta,
1085 689 1119 741 et
1144 677 1177 739 in

14 760 198 848 gratiarum
208 758 437 845 prosecutione
449 759 653 824 devotissimi:
675 761 832 825 revoluta.
894 761 1032 826 Thostio
1048 762 1177 827 Comite

13 850 213 935 proscripto,
228 846 401 911 haereditas
417 847 486 931 ejus
502 847 656 912 devoluta
671 860 719 912 est
730 848 772 912 ad
786 850 900 913 fiscum
912 852 1048 933 regium.
1094 850 1178 914 Sub-

16 940 89 1003 acts
111 958 194 1000 vero
223 933 341 1018 anglia
365 933 570 1012 Normannis,
588 947 621 998 et
648 935 806 999 Willelmo
833 935 1071 1001 Normanorum
1094 936 1177 1002 duce

17 1024 50 1087 in
78 1045 196 1111 regem
228 1020 410 1105 Anglornm
438 1033 636 1099 consecrato,
668 1036 803 1107 accepto
830 1035 975 1107 tempore
1006 1023 1177 1088 comitatus

20 1109 375 1195 Nordhanymbrornm
403 1108 488 1193 regis
518 1108 738 1173 munificentia
763 1109 857 1175 datus
884 1123 934 1175 est
962 1110 1108 1174 Roberto
1135 1111 1177 1175 de

21 1197 190 1283 Mulbray,
209 1195 280 1258 viro
297 1208 469 1259 stematum
491 1194 589 1279 longa
611 1195 697 1260 serie·
716 1196 885 1279 generoso,
910 1199 1033 1262 statura
1047 1198 1192 1296 quiderm

20 1305 170 1370 procero,
191 1296 228 1347 et
250 1281 394 1346 militaris
416 1281 585 1367 probitatis
609 1283 770 1370 elegantia
791 1283 944 1370 glorioso.
992 1284 1056 1348 Hic
1079 1284 1177 1367 coepit

25 1373 181 1436 Sanctum
200 1369 327 1454 Regem
342 1382 376 1433 et
393 1368 572 1454 Martyrem
591 1369 755 1433 Oswinnm
771 1370 899 1433 eximiae
911 1369 1090 1433 devotionis
1107 1370 1180 1433 dili-

23 1457 130 1542 gentia
145 1456 310 1532 excolere,
328 1469 361 1520 et
384 1455 554 1520 ecclesiam
576 1455 609 1518 in
631 1457 694 1541 qua
716 1455 948 1520 sanctissimum
970 1459 1039 1542 ejus
1062 1479 1177 1541 corpus

23 1544 258 1632 requiescebat,
287 1544 362 1630 quia
383 1543 465 1607 inira
488 1541 645 1606 ambitum
668 1543 763 1607 castri
790 1544 858 1626 ejus
885 1546 919 1609 in
946 1544 1178 1628 Tynemudtlra

24 1631 262 1706 continebatur,
282 1629 455 1694 fundorum
482 1643 517 1694 et
542 1629 737 1714 praediornm
761 1629 855 1714 copia
878 1631 1004 1708 ditavit,
1033 1646 1066 1695 et
1093 1632 1178 1696 viros

24 1717 192 1783 monastici
215 1716 348 1793 ordinis,
365 1717 406 1781 de
419 1719 614 1781 monasterio
634 1717 743 1782 Sancti
761 1718 878 1783 Albani
902 1719 1080 1802 Anglorum
1103 1742 1179 1804 pro·

25 1803 231 1890 thomartyris
254 1817 445 1888 assumptos,
473 1803 553 1868 inibi
575 1805 754 1882 collocavit,
783 1805 838 1892 qui
868 1805 997 1869 nomine
1029 1807 1178 1871 Priorum

25 1893 224 1977 praefuerunt
239 1890 479 1967 monasterium,
496 1890 529 1953 in
546 1913 610 1978 quo
625 1892 724 1957 modo
746 1892 917 1978 requiescit
944 1892 1079 1956 Sanctus
1105 1894 1178 1956 Rex
1223 1889 1227 1896 ’

26 1992 58 2042 et
74 1979 203 2064 Martyr
223 1977 381 2042 Oswinus.
429 1979 530 2063 Cujus
545 1991 652 2041 tamen
667 1979 868 2042 fundamenti
883 1978 982 2054 initia,
998 1993 1032 2042 ut
1047 1978 1177 2056 dicitur,

29 2067 144 2131 Comes
158 2063 317 2129 Thostius
328 2065 464 2148 jecerat,
480 2067 497 2129 b
513 2064 728 2128 fundamentis
741 2065 993 2129 aedificaverunt.
1020 2066 1180 2130 Consum·

26 2165 112 2217 mato
127 2174 208 2216 vero
222 2151 409 2215 monasterii
426 2151 502 2214 novi
518 2151 665 2227 aedificio,
680 2151 837 2235 gloriosus
855 2153 983 2238 Martyr
994 2153 1036 2216 ab
1048 2152 1179 2238 antiqua

27 2239 169 2317 eeclesia,
187 2238 221 2301 in
237 2239 301 2325 qud
315 2239 479 2302 celebrato
495 2238 647 2323 martyrio
662 2239 810 2303 humatus
825 2240 941 2317 fuerat,
959 2253 992 2304 et
1008 2242 1049 2304 ab
1064 2239 1179 2324 AEgel-

28 2327 108 2391 nino
130 2325 271 2411 praesule
294 2325 452 2402 inventus,
478 2326 648 2389 translatus
671 2339 720 2389 est
742 2327 774 2388 in
797 2328 1024 2391 monasterium
1049 2351 1177 2404 novum,

28 2427 60 2477 et
74 2413 192 2477 scrinio
208 2434 295 2475 novo
312 2425 402 2475 tanto
420 2412 558 2496 Martyri
573 2412 672 2500 digno
684 2413 869 2478 solemniter
880 2415 1075 2491 reconditus,
1093 2438 1179 2478 anno

29 2502 66 2565 ab
95 2497 319 2564 incarnatione
349 2498 487 2562 Domini
514 2499 682 2564 millesimo
711 2501 886 2565 centesimo
916 2503 1027 2579 tercio,
1053 2502 1180 2566 decimo

32 2587 253 2652 Kalendarum
272 2585 522 2670 Septembrium,
539 2586 591 2649 die
607 2586 765 2651 vedalioet
781 2588 932 2672 passionis
948 2593 1028 2675 ejus.
1077 2589 1181 2653 Inter-

28 2674 158 2740 fuerunt
173 2690 285 2738 autem
300 2672 491 2737 venerandae
507 2673 705 2736 translationi
725 2675 798 2736 huic
817 2675 1041 2738 Dunelmensis
1057 2674 1180 2757 episco-

29 2784 85 2846 pus
103 2759 296 2837 Romulius,
313 2761 411 2824 abbas
427 2759 612 2823 monasterii
632 2760 740 2823 Sancti
758 2761 876 2824 Albani
896 2760 1063 2836 Ricardus,
1080 2760 1180 2822 abbas

33 2846 279 2914 Salesberiensis
307 2848 416 2931 Hugo,
443 2861 476 2911 et
500 2847 670 2909 innumera
695 2847 864 2930 promiscui
891 2848 987 2910 sextis
1013 2858 1046 2910 et
1073 2846 1181 2911 aetatis

30 2936 155 3001 diversa
176 2932 364 3012 multitudo,
381 2957 454 3022 quae
470 2933 511 2997 de
535 2932 665 2995 remotis
681 2948 715 2996 et
730 2933 840 2996 vicinis
863 2933 1006 3018 partibus
1028 2933 1070 2997 ad
1093 2933 1180 2997 diem

30 3034 237 3098 convenerat,
255 3034 359 3085 tracta
377 3019 580 3085 celebrandae
600 3020 813 3084 translationis
829 3021 1017 3086 devotione.
1060 3023 1181 3087 Jocun·

28 3110 139 3175 demur
154 3109 202 3173 ita
225 3131 266 3171 ue
282 3107 314 3171 in
331 3108 473 3172 Domino
488 3106 694 3184 dilectissimi,
712 3122 746 3172 et
768 3110 885 3174 iterata
903 3109 1011 3174 Sancti
1030 3109 1128 3173 Reois
1144 3121 1179 3172 et

30 3195 184 3284 Martyris
202 3131 325 3260 lllswini
340 3195 494 3260 solemnia
508 3195 706 3280 propensiori
723 3199 798 3260 curri
813 3198 1023 3262 celebremus.
1073 3163 1183 3262 Smne

28 3283 171 3349 tristiciae
193 3283 428 3367 proscribamus
444 3283 600 3359 nubilum,
618 3284 674 3347 ubi
689 3307 809 3348 cuneus
825 3285 980 3349 virtutum
995 3284 1182 3369 multiplicis

27 3370 183 3436 instaurat
198 3369 316 3433 leticiae
331 3392 489 3434 serenum.
538 3370 575 3433 In
590 3392 704 3435 sereno
721 3372 824 3455 posita
838 3372 991 3458 Martyris
1006 3371 1119 3455 gloria,
1136 3372 1181 3436 ad

28 3457 165 3541 paradisi
179 3479 330 3521 serenum
342 3480 399 3520 suo
415 3457 528 3521 invitat
544 3458 695 3542 exemplo
707 3458 844 3522 divitum
858 3458 956 3523 mil-ia.
1005 3458 1080 3524 Non
1092 3460 1178 3524 enim

26 3543 204 3610 sanctitatis
226 3566 394 3632 aggressus
417 3559 466 3608 est
490 3544 584 3620 viam,
603 3545 799 3629 paupertatis
822 3563 951 3609 coactus
973 3549 1177 3625 necessitate,

28 3633 86 3710 vel,
104 3648 143 3696 ut
166 3633 239 3694 fieri
254 3632 381 3707 assolet,
399 3631 600 3719 aegritudinis
616 3631 825 3695 invalitudine
840 3655 847 3706 3
872 3633 928 3695 sed
944 3633 1011 3697 sola
1026 3633 1179 3698 creatoris

28 3719 124 3803 gratis
149 3717 261 3782 dilecti
292 3731 411 3781 tractus
439 3717 719 3801 contemplatione,
746 3717 824 3782 vixit
856 3719 888 3783 in
919 3723 1059 3805 purpura
1089 3744 1178 3785 more

30 3804 146 3884 David,
162 3827 286 3889 pauper
298 3819 330 3868 et
346 3805 477 3881 dolens3
493 3827 615 3890 pauper
631 3805 753 3888 spiritu,
768 3805 884 3868 divitiis
897 3822 930 3871 et
945 3807 1067 3872 deliciis
1083 3807 1183 3890 regiis·-

28 3894 200 3967 allluebat3
224 3892 281 3955 sed
304 3891 414 3955 dolens
438 3893 470 3955 in
493 3891 617 3976 spiritu,
634 3893 729 3955 rebus
744 3893 949 3959 affluentibus
965 3918 1021 3958 cor
1043 3917 1106 3956 non
1123 3916 1180 3976 ap·

27 3983 180 4063 ponebat.
239 3978 371 4051 Quanto
398 3982 483 4042 enim
507 3979 607 4062 magis
635 3979 733 4063 copiis
763 3981 926 4059 affluebat,
956 3995 1045 4045 tanto
1075 3980 1178 4042 minus

28 4064 193 4132 desideriis
220 4065 383 4128 effluebat.
429 4067 468 4131 In
494 4065 601 4128 medio
626 4065 915 4152 circumstrepentis
939 4067 1079 4140 familiae,
1105 4087 1178 4149 quae

27 4168 94 4218 erat
107 4154 140 4219 ei
157 4151 260 4215 multa
274 4150 378 4227 nimis,
395 4152 558 4237 elongavit
572 4152 718 4236 fugiens3
740 4168 774 4218 et
793 4156 909 4218 mansit
928 4152 1042 4218 mentis
1058 4151 1091 4212 in
1106 4151 1183 4213 soli-

27 4241 150 4318 tudine,
182 4238 424 4322 srequentatum
454 4240 671 4326 subjectarum
701 4240 760 4304 sibi
790 4241 931 4326 plebium
962 4234 1184 4306 multitudine,

30 4325 117 4392 Sicut
134 4323 229 4408 regni
245 4323 386 4410 dignitas
403 4328 566 4411 exigebat,
583 4326 659 4390 ioris
675 4351 710 4391 se
725 4329 864 4412 agebat,
883 4328 940 4391 sed
956 4323 1089 4388 affectus
1106 4345 1183 4389 suos

26 4410 108 4480 intus
119 4433 251 4495 regens,
269 4408 402 4474 viriliter
417 4413 448 4475 in
461 4413 649 4479 humilitatis
662 4426 695 4480 et
710 4413 909 4498 paupertatis
921 4430 1031 4475 amore
1048 4429 1185 4476 exerce-
