2820 4988
131 330 180 395 520
574 345 664 392 vrrs
694 341 832 390 oswrxr

44 556 46 562 .
129 521 377 591 praeparaverat,
394 505 536 570 dictante
548 506 713 590 pontifice,
729 503 852 566 honore
863 503 1023 588 condigno
1039 505 1226 584 recondidit,
1241 519 1268 568 et
1308 544 1316 573 ,v

129 591 302 656 maximam
318 591 556 656 venerationem
567 593 691 677 jugiter
707 589 864 655 exhibuit.

132 852 229 918 CAP.
247 804 525 928 Vll—Quomodo
539 807 665 936 quidam
676 853 854 933 capellanus
868 855 923 934 qui
936 854 970 914 ia
984 855 1069 916 turri
1078 854 1209 918 eeclesia
1218 854 1270 935 aits

208 942 317 1021 jacere
331 945 433 1003 minus
442 941 799 1022 reliqiosdpraesumpsit,
812 940 945 1020 q'usdcm
952 943 1205 1021 presumptionis
1216 961 1269 1021 pa·

152 1117 154 1121 ¹
218 1048 291 1090 nam
302 1029 485 1091 mirabiliter
498 1031 530 1089 in
541 1029 642 1090 eodem
653 1029 716 1090 loco
726 1030 898 1106 praesensit.

177 1198 314 1264 Thostio
339 1199 458 1264 Comiti
481 1199 713 1283 praenominato
736 1197 949 1297 fuithuidam
973 1197 1171 1282 capellanus,
1188 1220 1271 1285 quern

32 1337 33 1341 ,
130 1309 195 1350 non
210 1286 411 1371 singulariter
423 1308 533 1362 unum,
547 1285 605 1349 sed
621 1307 687 1370 prae
703 1296 828 1349 eaeterrs
845 1283 1006 1348 asecretis
1020 1284 1086 1348 suis
1099 1285 1271 1370 specialiter

130 1375 235 1438 solum
260 1373 426 1458 diligebat.
479 1372 542 1436 Hic
566 1394 794 1458 nonnunquam
823 1393 897 1434 cum
920 1371 960 1434 de
990 1393 1082 1435 more
1107 1371 1273 1457 provincia

131 1461 284 1523 instructa
299 1473 405 1524 essent
417 1458 563 1523 convivia
577 1460 663 1543 apud
675 1458 933 1542 Tynemudham,
948 1457 1023 1545 quia
1035 1457 1147 1522 villula
1156 1458 1272 1522 modica

132 1559 213 1622 erat,
231 1560 264 1609 et
287 1547 328 1609 ad
349 1559 399 1609 tot
420 1545 585 1609 hominum
607 1568 737 1629 genera,
755 1567 827 1632 quae
847 1545 1008 1609 Comitem
1030 1545 1270 1622 comitabantur,

131 1631 332 1716 suscipienda
355 1632 494 1715 hospitio
521 1631 623 1694 minus
647 1631 815 1709 sufficiens,
835 1631 931 1716 jussit
954 1631 1015 1694 sibi
1037 1632 1141 1696 sterni
1163 1633 1273 1698 lectum

131 1719 190 1782 sub
207 1717 287 1782 turri
303 1717 446 1783 ecclesiae
470 1718 502 1781 in
526 1719 589 1805 qua
615 1718 725 1782 Sancti
744 1718 841 1802 Regis
865 1741 901 1782 ac
919 1717 1073 1804 Martyris
1094 1719 1217 1784 Oswini
1231 1741 1273 1783 re·

130 1806 316 1892 quiescebat
338 1804 629 1870 reverentissimum
649 1827 776 1891 corpus.
824 1805 1016 1890 Crapulatus
1032 1805 1145 1892 itaque
1165 1807 1181 1870 a
1206 1806 1273 1869 vino

129 1906 294 1958 revertens
322 1894 339 1958 a
364 1893 451 1957 curib
470 1891 605 1958 Comitis
628 1893 661 1954 in
684 1892 786 1956 noctis
809 1892 1008 1977 crepuscu10,
1030 1893 1090 1955 sub
1113 1893 1226 1980 turrij

130 1980 216 2045 dicta
239 1981 280 2044 ad
300 2003 454 2045 venereos
478 2003 551 2043 usus
567 2002 641 2043 cum
661 1979 862 2043 meretricula
877 1978 1012 2043 obscene
1029 1981 1225 2045 exercendos
1246 2003 1274 2042 se

129 2068 317 2152 accingebat
331 2093 340 2144 ;
363 2091 437 2132 cum
452 2090 528 2132 ecce
544 2069 578 2130 in
594 2067 728 2130 ecclesia
750 2066 916 2130 concussio
938 2065 1098 2150 parietum
1111 2066 1200 2131 sacta
1220 2078 1271 2144 est,

130 2168 166 2218 ut
188 2154 399 2218 incontinenti
422 2154 524 2218 omnis
556 2153 699 2218 ecclesiae
722 2153 870 2218 machina
888 2151 1012 2216 ruitura
1041 2151 1273 2218 formidaretur.

132 2240 213 2303 Erat
228 2253 338 2305 autem
353 2255 429 2304 tunc
446 2240 600 2325 temporis
616 2254 690 2304 ante
713 2240 916 2325 sepulchrum
942 2239 1037 2303 Beati
1053 2239 1210 2328 Martyris
1231 2241 1274 2303 rir

129 2326 211 2391 bene
227 2327 393 2411 religiosus
406 2327 538 2411 vigilans
554 2339 586 2391 et
603 2349 707 2404 orans,
721 2327 776 2414 qui
788 2326 961 2412 capellana,
981 2325 1095 2390 timens
1108 2349 1149 2392 ne
1162 2327 1276 2391 dormi-

121 2420 186 2478 ‘ens
198 2414 290 2477 ruina
301 2415 369 2498 jam
384 2413 569 2478 imminente
585 2413 830 2498 opprimeretur,
847 2415 996 2491 accurrit,
1013 2425 1050 2478 ut
1065 2415 1191 2479 excitet
1206 2435 1274 2478 eum

120 2508 150 2564 'a
164 2522 299 2578 sommo,
313 2514 347 2565 et
362 2524 405 2565 ex
427 2500 589 2585 insperato
604 2500 725 2565 invenit
740 2501 782 2565 ad
797 2501 1067 2566 commiscendum
1083 2523 1159 2565 cum
1174 2513 1275 2567 scorto

125 2589 194 2672 jam
209 2601 368 2673 paratum.
417 2588 459 2652 Et
475 2595 628 2652 execrans
644 2601 801 2672 stuprum,
825 2589 1045 2652 mulierculam
1068 2589 1140 2652 zelo
1166 2589 1275 2653 Finees

129 2696 300 2741 succensus
317 2677 364 2740 ‘ab
388 2676 521 2740 eeclesia
544 2675 640 2761 ejecit
660 2675 823 2753 continui),
841 2689 875 2740 et
896 2674 1111 2760 presbiterum
1134 2675 1274 2760 increpa-

130 2764 218 2828 tione
233 2763 354 2828 duriori
369 2764 457 2864 quod
477 2787 537 2828 nec
559 2764 667 2827 Deum
684 2761 812 2837 timeret
827 2785 888 2826 nec
902 2761 1047 2826 homines
1063 2777 1273 2837 revereretur,

129 2851 242 2935 spiritu
257 2851 401 2914 Danielis
417 2849 596 2935 castigavit.
646 2849 689 2913 Et
701 2850 809 2913 statim
825 2849 958 2914 cessavit
975 2848 1076 2913 omnis
1093 2861 1274 2934 tempestas.

130 2937 171 3001 In
196 2937 258 3000 hoc
281 2949 349 2999 tam
378 2938 538 3021 stupendo
560 2936 647 3001 facto
671 2936 809 3001 innotuit
837 2937 972 3000 Sanctus
999 2937 1073 3000 Rex
1096 2948 1130 3000 et
1152 2937 1275 3023 Martpn

132 3023 291 3098 Oswinus,
318 3035 473 3107 quantum
500 3024 541 3087 sit
559 3027 665 3108 justus
692 3035 910 3111 quantumque
937 3023 1128 3101 misericors,
1161 3024 1274 3110 quiex

123 3108 263 3197 justiciae
290 3109 396 3192 rigore
421 3121 522 3172 totam
544 3110 688 3173 ecclesiae
703 3111 893 3190 machinam,
907 3109 996 3196 quasi
1012 3110 1054 3174 ad
1065 3110 1193 3174 ruinam
1205 3132 1276 3175 con·

128 3195 248 3272 cussit3
272 3195 329 3260 sed
345 3218 387 3260 ex
410 3195 636 3279 misericordiae
655 3196 799 3275 lenitate,
817 3197 919 3282 stupri
934 3197 1091 3282 flagitium
1107 3199 1148 3262 ab
1172 3196 1274 3285 operis

129 3283 320 3347 executione
351 3282 532 3368 prohibens,
563 3284 688 3347 ruinam
725 3285 947 3349 imminentem
983 3284 1160 3369 suspendit.
1221 3283 1276 3348 Vir

129 3381 238 3433 autem
254 3370 387 3434 Domini
402 3369 457 3457 qui
472 3369 709 3434 meretriculam
732 3372 773 3434 ab
796 3372 931 3436 ecclesia
951 3375 1142 3458 projecerat,
1167 3384 1276 3457 postea

128 3454 283 3520 Duuelmi
292 3458 466 3522 monachus
478 3457 593 3536 factus,
605 3457 666 3522 hoc
678 3457 866 3523 miraculum
878 3458 993 3543 soepius
1003 3480 1135 3524 narrare
1145 3481 1276 3536 consue-

128 3554 231 3607 verat.

129 3804 229 3871 CAP.
249 3804 443 3869 Vlla-De
457 3827 532 3888 equo
545 3809 700 3890 cujusdem
714 3809 821 3871 militis
840 3811 874 3871 in
885 3808 1012 3889 furiam
1026 3827 1125 3884 verso,
1150 3812 1207 3874 sed
1220 3828 1277 3892 per

218 3894 341 3973 pallam
353 3895 605 3974 asperseretram
619 3896 684 3976 ejus
690 3898 826 3975 positam
838 3897 1023 3958 mirabiliter
1037 3895 1177 3986 liberato.

175 4065 327 4142 Quodam
340 4081 484 4149 tempore
497 4087 570 4129 cum
585 4066 658 4129 Rex
671 4064 724 4129 ille
736 4065 1011 4131 victoriosissimus
1024 4065 1214 4148 Willelmus,
1222 4070 1274 4157 qui

128 4151 323 4234 Normannis
352 4151 502 4240 Angliam
527 4152 559 4215 in
583 4173 680 4215 manu
707 4151 783 4214 forti
808 4152 1000 4238 subjugavit,
1027 4175 1100 4217 cum
1127 4158 1274 4221 exercitu

118 4241 233 4306 'valido
256 4263 276 4305 a
306 4240 419 4306 Scocib
440 4250 668 4316 reverteretur,
697 4237 781 4303 circa
809 4238 916 4304 locum
939 4240 993 4330 qui
1023 4261 1110 4306 nunc
1143 4242 1275 4310 Novum
