2888 5018
452 389 562 466 nnois
590 391 809 441 unmonun.
1157 375 1206 438 55

51 551 127 637 ipsb
150 570 223 613 cum
247 546 370 612 summa
392 548 557 613 celeritate
579 564 771 636 consumpta
793 563 853 626 est,
879 561 912 612 et
936 549 968 612 in
991 551 1091 634 paleis
1115 550 1210 614 celeri

51 637 238 706 voracitate
261 635 402 699 redacta.
449 636 545 700 Tunc
567 638 609 701 ad
632 639 769 722 primum
792 637 906 700 mulier
921 659 954 699 se
969 659 1119 720 peccasse
1135 659 1213 720 cog-

51 725 162 802 novit,
179 737 213 787 et
229 734 323 785 nocte
338 744 410 786 cum
426 745 460 786 se
473 724 542 786 viro
553 723 586 787 in
599 740 725 788 secreto
737 724 875 788 cubiculi
884 725 1045 800 sociasset,
1060 736 1210 787 eventum

52 815 106 876 rei
130 833 189 896 per
211 807 357 873 ordinem
381 810 542 892 exposuit,
563 825 596 875 et
616 835 764 895 peccasse
781 834 816 875 se
831 813 864 873 in
884 811 1034 874 Sanctum
1051 810 1127 886 Dei,
1139 810 1210 893 jam

51 900 136 980 facti
163 896 324 981 poenitens
351 895 545 960 inclamavit.
603 899 796 962 Perterritus
823 913 930 960 autem
961 897 1010 960 vir
1036 919 1132 981 super
1162 896 1210 959 his

52 1007 196 1050 uxorem
219 980 323 1046 verbis
350 983 503 1047 acerrime
527 985 692 1068 corripuit,
718 985 905 1070 monuitque
930 998 966 1048 ut
989 984 1151 1048 sacerdoti
1175 1008 1211 1047 se

53 1071 256 1147 ostenderet,
281 1091 350 1132 rem
366 1069 507 1133 seriatim
522 1086 712 1155 exponeret,
730 1087 763 1136 et
775 1071 899 1156 judicio
916 1070 1107 1135 sacerdotali
1123 1071 1211 1156 quod

55 1161 91 1223 iu
118 1157 228 1223 Deum
253 1170 285 1220 et
309 1156 462 1220 Sanctum
481 1157 550 1239 ejus
566 1172 755 1241 peccaverat
771 1159 929 1243 expiaret.
975 1158 1066 1222 Fecit
1081 1158 1207 1234 mulier,

54 1244 210 1332 sequenti
228 1243 397 1320 dominica,
420 1243 509 1330 quod
524 1245 571 1307 vir
585 1245 723 1322 indixit;
744 1246 785 1309 ad
801 1245 999 1309 sacerdotem
1015 1244 1158 1321 accessit,
1176 1260 1210 1307 et

54 1333 76 1397 ὲ
102 1330 229 1414 templo
246 1329 424 1415 justificata
445 1331 589 1409 recessit,
614 1346 648 1396 et
671 1332 712 1396 de
735 1345 855 1396 caetero
877 1331 964 1417 quod
986 1331 1069 1396 male
1091 1330 1213 1394 fecerat

56 1417 256 1485 emendavit.

58 1681 164 1747 CAP.
181 1679 395 1744 XLII.-De
404 1683 570 1746 vinculatis
583 1684 670 1762 opud
681 1680 798 1745 Novum
813 1682 956 1746 Castrum
971 1685 1028 1764 qni
1040 1683 1077 1745 de
1087 1702 1211 1746 carcere

142 1787 204 1849 per
219 1770 364 1829 visionem
379 1771 495 1848 cercesi
507 1777 587 1844 sant,
600 1778 630 1832 et
642 1771 688 1831 od
699 1771 857 1832 ecclesium
868 1769 975 1831 Sancti
990 1773 1151 1845 venientes,
1169 1772 1210 1832 ab

148 1857 277 1917 instanti
291 1863 385 1917 morte
399 1875 491 1936 qnam
506 1864 681 1919 mernerunt
693 1858 816 1919 liberati
830 1864 910 1917 sunt.

106 2026 210 2090 Erant
231 2025 318 2110 apud
335 2025 464 2089 Novum
484 2026 660 2092 Castellum
677 2028 723 2090 rei
738 2026 869 2113 quidam
885 2025 1016 2088 vinculis
1032 2024 1156 2102 irretiti,
1175 2037 1208 2089 et

56 2137 120 2201 pro
136 2113 199 2176 suis
215 2112 385 2176 damnandi
402 2113 573 2177 sceleribus
587 2137 597 2190 ;
612 2114 667 2200 qui
677 2113 795 2178 cotidie
807 2112 914 2198 aliquo
927 2112 1081 2176 tormenti
1090 2135 1211 2195 genere

61 2201 214 2285 miseram
237 2215 374 2263 mortem
398 2202 623 2284 expectabant.
672 2201 799 2263 Horum
818 2200 917 2284 pedes
939 2199 1033 2283 cippo
1057 2200 1211 2264 teneban-

59 2301 127 2367 tur,
144 2299 178 2351 et
193 2286 315 2362 anulis;
331 2287 414 2351 colla
428 2286 525 2364 ferro,
539 2310 650 2352 manus
667 2287 799 2350 vinculis
812 2288 1039 2362 arctabantur;
1053 2299 1087 2350 et
1102 2287 1210 2350 inedia

59 2375 155 2439 famis
170 2372 291 2450 afflicti,
307 2373 391 2437 fame
407 2373 596 2439 laborabant
611 2388 645 2438 et
660 2375 759 2438 ferro.
806 2374 884 2439 Erat
901 2396 980 2462 ergo
996 2373 1094 2438 anxia
1107 2375 1210 2438 malo·

59 2485 133 2526 rum
142 2460 251 2538 facies,
261 2460 411 2547 quoniam
422 2461 569 2526 debilitas
579 2474 803 2546 corporum,et
813 2465 946 2525 carceris
957 2462 1080 2540 horror,
1092 2484 1211 2545 angus-

60 2549 108 2614 tia
129 2547 231 2624 famis,
256 2561 289 2610 et
311 2548 388 2611 ferri
411 2549 546 2632 pondus,
571 2572 697 2613 omnem
721 2549 766 2612 eis
790 2549 948 2613 evadendi
970 2571 1059 2632 spem
1078 2549 1208 2632 penitus

59 2636 277 2719 denegabant.
296 2633 491 2707 Quaerebant
504 2635 601 2719 igitur
613 2660 708 2720 opem
721 2635 903 2711 aDoniino,
920 2658 1018 2720 quum
1033 2635 1066 2696 in
1078 2635 1210 2698 homine

58 2722 215 2787 fiduciam
230 2743 294 2784 non
309 2720 483 2785 habebant.
532 2724 745 2807 Agebautque
761 2723 847 2805 apud
863 2721 941 2783 illud
957 2744 990 2783 se
1006 2720 1047 2782 de
1065 2719 1210 2782 Domino

59 2810 188 2874 audisse
210 2808 298 2894 quod
320 2831 405 2892 saepe
427 2808 512 2873 levat
527 2832 648 2892 poenas,
665 2822 839 2892 ereptaque
854 2806 986 2890 praemia
1000 2805 1116 2880 reddit,
1135 2827 1208 2868 cum

60 2893 145 2962 bene
158 2896 282 2980 peccati
298 2895 481 2979 poenituisse
498 2895 596 2960 videt.
645 2894 799 2958 Poenituit
815 2892 892 2956 facti
907 2895 1050 2968 miseros,
1062 2913 1209 2976 superos·

83 3006 124 3047 ue
146 2994 328 3068 precantur,
355 2981 483 3046 fletibus
511 3005 568 3046 ora
593 2982 709 3069 rigant,
739 2981 817 3043 talia
837 2992 944 3043 mente
959 2993 1085 3063 gerunt.
1139 2988 1160 3019 “
1178 2979 1211 3043 O

60 3007 175 3136 beust
198 3092 218 3133 ο
240 3068 356 3134 fortis!
378 3093 398 3132 o
414 3071 489 3133 vitae
512 3069 601 3154 panis
617 3083 650 3133 et
666 3069 796 3132 auctori
821 3089 908 3144 erue,
926 3067 1024 3144 solve,
1041 3067 1124 3142 leva,
1138 3088 1210 3130 cor-

60 3179 153 3242 pora,
176 3155 290 3233 vincla,
315 3155 462 3220 famem.''
509 3157 616 3220 Nocte
639 3177 715 3220 vero
730 3155 793 3241 qua
808 3153 978 3218 decollatio
998 3152 1106 3217 Sancti
1126 3154 1212 3238 Bap-

60 3245 145 3308 tistae
172 3242 269 3308 Cristi
292 3243 473 3308 celebratur
495 3257 529 3312 et
551 3243 678 3321 colitur,
702 3265 775 3307 cum
798 3264 886 3326 aegro
909 3240 1015 3326 sopori
1031 3239 1137 3302 miseri
1154 3240 1210 3304 vix

61 3331 195 3396 menbra
222 3328 397 3407 dedissent,
425 3331 547 3394 audivit
574 3331 704 3417 quidam
730 3352 842 3394 eorum
869 3328 902 3390 in
929 3327 1057 3404 somnis,
1085 3340 1122 3391 ut
1149 3327 1211 3392 sibi

62 3414 244 3494 videbatur,
272 3439 386 3481 vocem
412 3417 637 3504 inquirentem,
662 3441 718 3481 cur
741 3416 783 3479 ibi
808 3428 996 3480 tenerentur
1018 3414 1151 3491 inclusi;
1176 3429 1211 3480 et

63 3504 191 3590 adjecit,
219 3502 364 3567 “Nolite
392 3503 516 3582 timere,
543 3528 607 3568 non
631 3505 729 3568 modo
753 3502 943 3566 moriemini.
991 3499 1098 3565 Nocte
1125 3503 1211 3567 enim

63 3590 279 3656 translationis
307 3591 416 3654 Sancti
442 3592 624 3669 Cuthberti,
672 3614 721 3654 uae
744 3612 828 3653 nunc
851 3611 954 3672 nuper
972 3589 1081 3653 futura
1095 3602 1155 3669 est,
1172 3591 1213 3653 li-

62 3677 250 3743 berabimini
272 3677 293 3741 a
315 3677 446 3741 vinculis
470 3678 592 3742 vestris.
643 3615 741 3751 duod
764 3699 836 3740 cum
861 3675 1003 3740 videritis
1027 3677 1114 3740 conti
1137 3678 1208 3754 isse,

64 3764 199 3829 viriliter
221 3763 318 3848 agite,
344 3778 376 3828 et
399 3765 599 3829 confortetur
622 3787 677 3828 cor
692 3778 853 3827 vestrum:
882 3777 1098 3850 exeuntesque
1114 3703 1210 3828 lesti-

63 3865 178 3916 nanter
201 3851 242 3915 de
265 3873 403 3929 earcere,
429 3852 692 3936 Tynemudtham
714 3851 756 3914 ad
775 3850 943 3914 ecclesiam
962 3851 1071 3914 Sancti
1088 3849 1209 3915 Oswini

63 3954 245 4023 properate,
270 3937 408 4024 Deoque
431 3952 463 4002 et
486 3939 546 4023 ipsi
568 3961 627 4023 pro
651 3939 756 4001 vestra
778 3937 942 4021 ereptione
958 3937 1076 4020 gratias
1092 3936 1210 4020 agite.’'

64 4025 109 4090 Et
131 4024 180 4088 his
204 4024 309 4100 dictis,
326 4025 490 4088 conticuit.
537 4027 568 4089 Is
584 4038 692 4088 autem
708 4023 871 4108 evigilanS,
889 4024 981 4087 sociis
998 4046 1070 4110 quae
1087 4023 1210 4085 viderat

64 4112 235 4176 enarravit.
277 4112 320 4175 Et
336 4111 491 4195 angustiis
506 4113 617 4196 pressi,
637 4113 745 4176 Deum
761 4113 869 4175 omnia
883 4134 977 4196 posse
994 4108 1212 4182 confitentum

63 4197 125 4263 hoc
148 4212 257 4263 autem
278 4198 329 4262 vel
343 4199 440 4276 nolle,
457 4198 509 4262 vel
526 4199 580 4263 vix
595 4222 696 4284 posse,
714 4198 820 4262 miseri
836 4198 1037 4283 profitentur.
1083 4198 1214 4277 Angus-

62 4283 117 4348 tiae
141 4285 229 4349 enim
251 4299 342 4349 erant
364 4285 525 4372 undique3
548 4299 582 4350 et
605 4286 683 4372 quid
706 4285 885 4361 crederent,
910 4281 1110 4367 ignorabant.
1159 4281 1213 4343 Ab

62 4369 118 4436 illo
140 4383 251 4437 tamen
273 4371 326 4436 die
349 4385 441 4436 erant
462 4371 613 4439 fiduciam
634 4375 789 4438 habentes
806 4371 838 4434 in
855 4368 1007 4445 Domino,
1025 4380 1058 4432 et
1076 4367 1212 4432 Sanctos
