2888 5018
523 389 663 443 slucrr
688 389 925 444 curuasarr.
1250 368 1300 459 67

148 554 293 620 libidinis
324 557 445 641 [ruinis
471 553 503 616 in
531 554 625 637 Ms]
654 542 815 618 incentiva
838 554 1005 639 pervertit.
1061 555 1189 641 Sicque,
1221 557 1299 621 dum

150 666 243 710 caeco
265 644 384 708 amoris
400 642 494 707 oculo
510 641 543 705 in
567 640 653 705 illius
670 641 865 707 desiderium
880 643 1016 728 amplius
1032 642 1200 721 animatur,
1219 644 1301 708 mul-

151 732 289 809 tociens,
317 731 406 817 quod
429 731 488 794 sub
510 741 634 794 secreto
656 743 788 814 pectore
812 731 1009 795 occultatum
1032 730 1146 810 tenuit,
1171 732 1299 796 alterius

151 820 251 905 siguis
274 831 307 883 et
329 818 461 882 nutibus
476 817 668 903 publicatur.
715 817 856 881 Nutibus
873 841 948 883 vero
964 832 998 883 et
1013 818 1153 883 motibus
1165 819 1301 898 lascivis,

152 920 311 996 quantum
328 905 455 970 occulte
471 906 587 989 potuit,
604 927 671 968 suae
686 917 774 968 estus
789 905 947 989 cupidinis
963 907 1037 970 satis
1053 907 1169 990 puellae
1184 908 1302 992 saepius

153 995 323 1062 intimavit.
381 995 424 1057 Et
454 993 672 1078 postmodum,
700 992 778 1055 dum
803 1007 929 1079 tempus
956 994 1129 1081 aliquando
1159 994 1305 1080 optinere

154 1085 274 1171 potuit,
298 1081 386 1168 quod
413 1081 500 1165 prius
524 1081 620 1165 signis
636 1079 877 1165 praedicaverat,
894 1082 1056 1168 promissis
1072 1085 1257 1149 muneribus
1272 1094 1306 1147 et

155 1171 279 1239 ornatis
303 1169 504 1235 sermonibus
527 1170 643 1253 saepius
666 1168 871 1252 explanabat.
917 1170 980 1233 Illa
1002 1192 1078 1234 vero
1092 1169 1192 1235 levius
1209 1170 1307 1237 tnta-

155 1261 212 1326 fici
242 1258 350 1345 potuit
381 1278 477 1343 quam
501 1257 542 1321 ad
566 1254 705 1321 libidinis
731 1257 901 1321 molliciem
927 1257 1125 1343 aliquatenus
1149 1250 1306 1327 inclinari.
1335 1268 1341 1281 “

158 1347 271 1426 Unde,
288 1358 444 1435 quantum
456 1344 571 1430 potuit,
589 1344 640 1409 vel
656 1343 686 1408 ei
701 1343 802 1421 licuit,
820 1345 860 1408 ab
877 1345 944 1429 ejus
960 1368 994 1408 se
1010 1345 1186 1429 praesencia
1201 1358 1309 1433 segre-

158 1436 267 1524 gavit3
291 1457 328 1499 ac
351 1456 477 1518 semper
500 1457 519 1496 a
541 1431 679 1518 suspecti
690 1433 782 1520 'regis
797 1431 865 1509 viis,
882 1432 1041 1516 gressibus
1057 1444 1114 1496 aut
1128 1430 1259 1513 semitis,
1274 1452 1310 1499 se
1395 1430 1400 1439 ’

160 1523 381 1591 subtrahendo
397 1521 572 1607 suspendit.
609 1522 693 1585 Cum
709 1543 788 1604 ergo
804 1522 916 1608 virago
931 1536 1042 1586 tenera
1056 1520 1156 1606 magis
1171 1522 1312 1589 mutem

160 1613 307 1702 eligeret,
323 1632 420 1699 quam
431 1624 498 1674 tarn
514 1610 594 1673 dirae
610 1609 688 1673 sorti
704 1609 817 1693 subjici
833 1609 1037 1688 decrevisset,
1053 1603 1312 1765 morsum

154 1700 311 1766 'ordinata
345 1722 411 1762 non
435 1696 563 1776 accidit,
590 1697 646 1761 sed
667 1720 735 1763 sors
758 1697 990 1784 antedisposita
1019 1720 1085 1762 suae
1101 1697 1176 1763 insti
1276 1698 1300 1707 ’“

159 1790 315 1857 terminos
330 1786 531 1852 conficiendo
546 1784 682 1871 peregit.
922 1799 929 1811 ·
1206 1808 1210 1813 ·

642 2100 759 2180 [car.
785 2100 839 2183 a]

212 2329 315 2414 Igitur
344 2325 431 2414 apud
460 2326 696 2412 Hybernenses
727 2337 806 2389 tunc
836 2326 890 2390 lex
921 2325 1163 2391 consuetudinis
1192 2298 1335 2410 extitici
1420 2368 1423 2373 -

168 2418 266 2506 quod,
284 2415 378 2481 certis
394 2414 512 2480 aestivis
536 2415 746 2500 temporibus,
771 2436 853 2499 grex
876 2415 1053 2500 puellarum
1069 2412 1318 2487 serviemsiln·
1424 2464 1429 2471 -

168 2528 239 2572 rum
256 2506 355 2571 saltus
371 2503 460 2568 adire
474 2501 634 2592 gregatim
650 2503 782 2579 debuit3
798 2503 906 2590 ibique
921 2504 1085 2568 frondium
1099 2505 1194 2569 flores
1203 2526 1317 2583 exem

167 2605 259 2682 peret
294 2605 328 2658 et
357 2593 614 2677 competentibus
644 2605 776 2657 onerata
806 2592 970 2657 sarcinulis
1004 2593 1139 2677 Reginae
1170 2590 1316 2661 thalamis

169 2682 359 2749 coronandis
385 2680 705 2766 inferret:·opusque
731 2681 794 2743 tale
822 2681 983 2745 servitutis
1014 2680 1115 2742 omnis
1137 2680 1315 2764 puellarum

169 2771 290 2837 familia
317 2769 454 2858 Reginae
470 2769 653 2854 persolvere
681 2768 804 2836 debuit.
863 2769 920 2832 Sin
946 2780 1055 2831 autem
1081 2768 1197 2829 florum
1222 2770 1316 2852 copia

170 2859 302 2945 reperiri
325 2869 402 2922 tunc
425 2857 580 2942 temporis
601 2880 666 2920 non
684 2855 846 2944 quivisset,
864 2854 978 2920 debilis
994 2853 1113 2918 familia
1123 2854 1228 2940 juncti
1243 2855 1317 2920 viri-

171 2948 288 3026 dantis,
312 2947 364 3011 vel
398 2946 508 3009 herbae
533 2944 674 3023 virentiS,
703 2967 756 3007 seu
783 2943 884 3007 eciam
910 2943 1035 3007 flosculi
1068 2941 1206 3028 cujusvis
1233 2944 1315 3008 bene

172 3037 298 3112 olentis,
316 3057 417 3098 onera
431 3034 483 3098 vel
498 3033 665 3097 fasciculos
681 3045 903 3117 congregaret.
941 3031 1036 3108 Cum,
1053 3030 1162 3119 igitur,
1176 3032 1316 3118 quodam

173 3137 328 3210 tempore,
353 3135 505 3186 consueta
526 3122 657 3209 Reginae
672 3120 788 3185 festiva
804 3119 1024 3205 sollempnitas
1040 3119 1217 3196 accidisset,
1234 3119 1317 3183 hanc

174 3235 246 3278 cum
261 3211 425 3275 sodalibus
441 3210 483 3274 ad
493 3209 671 3295 praescripti
686 3208 790 3295 operis
805 3208 957 3273 exercitia
971 3208 1098 3272 direxit.
1141 3207 1234 3285 Quae,
1251 3206 1320 3270 aliis

173 3299 373 3367 festinantius
398 3321 472 3362 cum
498 3298 661 3362 sarcinulis
688 3298 955 3383 regredientibus,
980 3297 1049 3360 sola
1067 3293 1318 3383 derelinquitur3

175 3413 214 3455 eo
241 3387 329 3476 quod
354 3409 485 3451 manum
512 3386 545 3451 in
572 3385 688 3450 falcem
712 3388 840 3451 mittere
867 3386 971 3449 minus
998 3385 1095 3448 docta
1117 3383 1319 3469 probaretur.

177 3478 273 3556 Quae,
298 3490 417 3554 tamen,
443 3498 486 3540 ex
507 3474 668 3539 laborioso
684 3498 744 3539 usu
760 3473 998 3538 consuetudinis
1013 3495 1078 3536 non
1095 3471 1217 3550 didicit,
1234 3495 1321 3537 com·

141 3626 150 3643 ,
176 3565 314 3651 positam
339 3565 533 3652 quandoque
559 3563 700 3627 humeris
725 3561 914 3627 sarcinulam
942 3561 1100 3645 exposuit,
1128 3562 1237 3648 sicque
1264 3582 1322 3647 per

177 3653 301 3718 viarum
323 3652 409 3716 invia
420 3651 538 3716 comite
554 3650 709 3714 destituta
724 3650 895 3717 oberravit.
945 3648 1164 3737 Contigitque,
1182 3663 1217 3714 ut
1228 3653 1324 3738 juxta

179 3741 263 3826 ripas
277 3741 346 3806 sola
361 3740 420 3805 soli
438 3739 523 3825 Regi
539 3752 735 3817 occurreret,
753 3760 826 3802 cum
841 3761 915 3802 aves
931 3737 1088 3823 aquatiles
1111 3738 1217 3826 avium
1232 3749 1325 3802 natu·

178 3830 237 3894 reli
258 3828 411 3894 violentia
434 3827 597 3916 sagacium
619 3838 756 3891 arceret.
804 3826 869 3891 Sed
892 3824 1055 3892 humiliter
1077 3827 1250 3891 allocutam
1264 3845 1324 3887 nec

179 3917 342 3982 blanditiis
365 3918 496 3981 flectere
521 3939 581 3980 nec
603 3938 772 3980 munerum
787 3914 1049 3998 promissionibus
1065 3911 1169 4000 potuit
1184 3925 1324 3977 mentem

180 4007 352 4090 captivare.
402 4005 501 4069 Unde
523 4004 671 4067 consulta
692 4004 824 4069 tandem
840 4002 1036 4069 conscientia
1050 4002 1178 4069 forciori
1193 4001 1326 4065 dextera

181 4095 327 4180 corrupit
338 4097 409 4179 [qu.
426 4091 590 4179 corripuit]
609 4091 776 4180 virginem,
791 4110 824 4157 et
835 4092 1062 4158 secrecioribus
1072 4091 1156 4156 silvis
1166 4089 1325 4165 eductam,

182 4182 301 4247 viribus
316 4192 421 4259 utens,
437 4180 605 4267 oppressit.
636 4181 706 4246 Ista
720 4205 795 4246 sane
811 4181 976 4268 oppressio
992 4178 1207 4266 conceptionis
1225 4175 1328 4241 Cuth-

181 4269 269 4336 berti
290 4268 470 4335 celebracio
492 4269 616 4346 fuerat3
640 4292 735 4357 quem
750 4270 926 4355 gloriosum
949 4267 1150 4335 audientibus
1165 4266 1251 4330 fama
1266 4263 1330 4328 vir·

182 4368 291 4428 tutum
305 4355 466 4426 celebrior
480 4358 694 4426 commendat.
