2888 5018
506 393 743 447 curuantur.

159 849 279 936 [CAP.
295 851 320 915 Ι
319 851 568 933 V.]-Quab'ter
582 805 666 918 rates
681 859 886 936 atemptatate
900 856 1087 920 liberaverit.

178 1076 262 1142 Inde
277 1089 364 1142 rates
380 1077 523 1165 quinque
540 1077 637 1145 morti
649 1078 791 1144 labendo
805 1081 997 1168 propinquae

176 1165 385 1230 Pertulerant
401 1179 513 1231 ventos
528 1167 710 1254 fluctusque
724 1169 822 1232 maris
839 1168 1008 1233 violentos.

173 1252 248 1319 Jam
264 1252 378 1337 procul
393 1265 562 1338 apparent,
579 1253 667 1318 velut
682 1277 755 1319 aves
794 1253 899 1340 urgite
914 1269 1051 1331 narent3

172 1339 247 1406 Jam
263 1361 351 1405 mare
367 1341 547 1405 concissam
561 1339 683 1406 miseris
699 1279 850 1426 pateiecit
865 1343 1037 1430 abyssum:

176 1427 288 1493 Morte
301 1448 359 1492 sua
375 1428 454 1493 certi
470 1429 598 1513 riguere
614 1428 682 1493 salo
698 1430 862 1514 coopertiz'

173 1514 227 1579 Tu
242 1515 366 1580 meritis
378 1537 525 1581 crescens
541 1517 574 1580 in
590 1515 685 1581 litore
701 1529 766 1581 stas
782 1515 977 1595 adolescens,

174 1605 245 1667 Stas
261 1601 411 1689 equidem
428 1616 516 1669 totus
531 1602 659 1688 pietatis
671 1602 792 1669 viscere
808 1618 925 1682 motus,

176 1689 278 1776 Inque
294 1689 399 1755 salum
416 1704 532 1756 stratus
542 1689 642 1755 mittis
658 1712 754 1777 super
770 1705 854 1756 astra
869 1704 1037 1777 precatus3

172 1777 327 1865 Dumque
343 1798 454 1862 preces
470 1778 577 1843 fundis
593 1791 763 1864 tempestas
779 1795 883 1844 cessat
896 1781 929 1844 in
945 1776 1061 1860 undis;

176 1865 322 1930 Flamina
337 1878 516 1944 vertuntur,
535 1879 695 1953 terraeque
711 1877 796 1931 rates
812 1867 1015 1941 referuntur3

173 1952 337 2020 Mortibus
353 1952 513 2032 abstracti,
530 1952 722 2043 gaudentia
737 1954 832 2019 litora
842 1955 932 2041 jacti.

175 2041 227 2106 Te
242 2054 387 2106 sanctum
402 2041 519 2119 fantur,
537 2043 674 2128 quirem
691 2040 809 2125 stupidi
825 2041 1043 2126 speculantur.

174 2127 234 2195 Me
247 2152 386 2217 quoque,
403 2129 583 2217 magnifice,
600 2151 726 2214 precor,
744 2129 973 2215 omnipotentis
989 2128 1101 2206 amice,

173 2215 249 2282 Duc
265 2216 307 2282 de
319 2220 488 2282 tormentis
504 2217 614 2281 mundi
631 2239 687 2301 per
699 2218 795 2280 inane
807 2216 941 2282 furentis

179 2305 231 2369 Ad
247 2303 360 2390 patriae
375 2318 517 2390 portum,
534 2303 674 2392 paradisi
690 2303 811 2370 scilicet
827 2317 944 2370 ortum.

134 2641 244 2723 [CAP
260 2641 455 2728 V.]-Qu0u
461 2644 598 2706 unimam
613 2643 721 2708 Sancti
733 2643 854 2709 Aidani
863 2644 1105 2724 incaelamferri

484 2732 564 2794 vidit
577 2731 617 2794 ab
632 2732 759 2811 capelia.

178 2954 338 3020 Pascebas
352 2976 473 3040 pecora
477 2955 545 3041 jam
560 2953 665 3018 noctis
680 2951 816 3039 pervigil
831 2953 929 3029 hora3

178 3042 286 3108 Orans
300 3045 424 3108 intente
440 3042 639 3107 transcendis
654 3046 762 3107 terrea
776 3054 883 3106 mente
896 3065 905 3117 3

182 3129 257 3204 Quo
273 3144 308 3196 tu
324 3131 480 3195 tendebas
492 3142 637 3194 sanctum
654 3129 790 3195 transire
805 3129 948 3206 videbas,

178 3217 343 3307 Angelicis
358 3219 468 3283 castris
480 3240 587 3283 comes
607 3218 711 3283 Aidan
726 3218 847 3303 gaudet
862 3219 895 3280 in
911 3215 1014 3281 astris.

179 3305 243 3370 Fac
258 3319 345 3372 uteo
361 3305 491 3371 tendam
508 3306 587 3370 dum
603 3306 699 3371 morti
709 3310 785 3393 jura
795 3305 980 3390 rependam,

179 3391 301 3483 Meque
316 3393 424 3460 ferens
439 3392 528 3459 coelis
543 3416 656 3459 manus
671 3407 811 3460 assumat
821 3390 1001 3458 Michaelis.

203 3729 319 3818 [CAP.
337 3729 599 3812 VL]-Quab‘ter
613 3733 764 3796 itinerans
776 3730 859 3795 cibos
873 3749 895 3794 a
909 3727 1046 3794 Domita

525 3823 707 3901 perceperit.

186 3988 216 4053 Ο
232 3991 393 4058 Juvenem
407 3993 499 4070 tanti,
516 3990 567 4056 cui
582 4015 640 4078 per
654 3992 782 4058 deserta
792 3991 902 4071 vianti,

183 4078 273 4144 Dum
289 4102 384 4145 cruce
399 4102 459 4164 pro
476 4079 602 4164 Xpristi
615 4080 688 4169 (ita)
705 4080 840 4146 cruciari
856 4095 890 4146 te
905 4077 1043 4157 voluisti,

184 4168 336 4234 Perstans
347 4170 477 4254 jejunus
493 4167 634 4233 donatur
646 4168 687 4232 ab
703 4168 825 4235 aethere
840 4189 976 4234 munus:

183 4254 269 4321 Nam
284 4257 406 4343 majore
421 4278 522 4335 mora,
538 4256 616 4321 dum
632 4255 739 4342 psallis
755 4258 895 4344 vesperis
910 4255 1000 4331 hora,

184 4341 253 4411 Dat
267 4364 344 4414 cum
355 4363 452 4412 carne
463 4343 593 4434 quidem
608 4341 667 4414 tibi
682 4366 800 4434 panem
817 4343 967 4412 Christus
982 4336 1027 4407 ibi
1051 4358 1119 4416 επις
