2888 5018
525 408 763 465 cursianum.

163 869 282 954 [CAP.
298 866 565 950 XXXILJ-De
574 893 675 954 puero
689 873 818 937 semime
827 895 890 956 per
904 897 972 943 eum
985 890 1105 948 sanam.

197 1085 303 1150 Millia
317 1085 451 1149 funestis
461 1085 530 1168 jam
546 1086 691 1150 cladibus
706 1086 818 1152 invida
829 1092 929 1174 pestis

196 1172 409 1258 Depopulans
425 1174 549 1253 stravit,
567 1174 690 1238 cultore
702 1174 807 1237 solum
820 1177 981 1262 spoliavit.

195 1261 250 1326 Tu
265 1260 518 1337 commissorum,
535 1284 616 1346 spes,
634 1283 720 1337 cura,
737 1261 881 1327 levamen
897 1288 1022 1345 eorum,

195 1348 389 1413 Muneribus
405 1347 512 1435 largis,
531 1348 722 1424 Cuthberte,
737 1349 878 1415 salubria
893 1354 1036 1440 spargis3

194 1438 337 1523 Parsque
351 1448 417 1500 tuae
433 1459 519 1500 curae
535 1451 637 1500 mater
660 1435 763 1522 prolis
782 1439 947 1504 moriturae

195 1524 311 1588 Fatum
326 1545 399 1612 quae
414 1524 514 1588 fiebat
527 1524 607 1589 flens
623 1536 656 1587 te
672 1524 790 1607 pietate
806 1528 977 1592 movebat:

192 1612 277 1676 Nam
301 1611 507 1687 benedixisti,
524 1612 620 1677 simul
635 1612 746 1675 oscula
761 1627 872 1678 sancta
887 1615 1006 1681 dedisti

193 1698 354 1764 Semineci
369 1722 482 1786 parvo,
493 1699 562 1784 jam
573 1702 641 1785 jam
656 1700 731 1764 vitae
746 1702 927 1786 reparando

196 1787 249 1852 Sic
263 1787 350 1865 fatus
365 1789 470 1865 matri,
487 1811 529 1851 ne
544 1800 660 1864 moesta
675 1787 752 1852 velis
767 1788 948 1866 lacrimari3

192 1873 285 1940 “Nil
301 1888 425 1941 metuas
442 1876 543 1954 triste,
557 1899 632 1940 nam
648 1877 734 1941 vivet
744 1876 897 1960 parvulus
912 1881 983 1956 iste,

189 1963 341 2050 “Deque
356 1965 417 2027 tuis
440 1985 537 2028 nemo
552 1963 702 2049 fungetur
717 1963 785 2027 sole
799 1986 962 2050 supremo,

190 2060 212 2094 “
224 2051 300 2117 Hae
314 2051 367 2116 lue
382 2053 581 2129 morborum,
599 2075 662 2138 qua
676 2050 781 2114 nullus
798 2050 900 2118 obibit
916 2074 1027 2119 eorum
1037 2055 1066 2120 :’'

190 2138 277 2204 Haec
291 2152 329 2204 nt
343 2139 556 2204 dicunturres
573 2139 686 2203 ordine
702 2139 789 2203 dicta
803 2153 997 2227 sequuntur3

192 2227 299 2295 Infans
315 2241 455 2304 sanatur,
472 2239 576 2291 mater
590 2226 765 2315 gaudendo
780 2240 929 2297 novatur.
1148 2296 1152 2304 ,

189 2313 254 2394 Tu,
271 2315 324 2400 pie
340 2327 461 2394 sancte,
479 2317 572 2392 bone,
596 2314 725 2401 praesul,
741 2328 834 2401 pater
850 2329 946 2403 atque
960 2327 1111 2402 patrone,

193 2402 259 2477 Qui
274 2416 323 2467 tot
335 2405 462 2480 sanasti,
479 2404 535 2489 qui
550 2415 599 2467 tot
610 2425 736 2487 pressos
753 2404 911 2481 relevasti,

193 2491 242 2554 Sis
258 2490 357 2554 michi
371 2504 547 2576 protector,
564 2491 664 2555 michi
680 2493 721 2555 sis
737 2491 839 2556 alabe
854 2492 1014 2568 refector3

193 2577 244 2642 Sis
259 2577 358 2642 michi
373 2578 483 2655 tutela,
504 2578 702 2666 Christoque
712 2579 847 2664 jubente
863 2580 999 2657 medela,

190 2665 340 2730 Pressum
356 2667 498 2750 peccatis
514 2689 576 2752 ope
588 2680 731 2730 sustenta
746 2667 886 2750 pietatis.

189 2755 308 2820 Sancte
319 2765 422 2840 pater,
439 2775 500 2838 pro
511 2775 564 2817 me
579 2766 634 2817 tua
649 2766 761 2817 sancta
775 2754 959 2838 precamina
972 2775 1104 2839 prome3

189 2840 308 2905 Prome
346 2862 444 2918 reem,
461 2864 583 2928 quaeso,
599 2841 764 2927 poscendo
774 2841 941 2925 juvamina
955 2840 1046 2919 laeso,

190 2929 294 2994 Posce
311 2864 419 2993 lieum
435 2950 495 3013 pro
511 2952 574 3006 me,
592 2930 651 2992 tibi
666 2929 845 2994 sanandum
860 2928 966 2992 refero
981 2950 1033 2994 me
1048 2956 1057 3007 ;

187 3016 258 3082 Nec
273 3039 366 3081 mora
381 3017 519 3095 sanabis,
536 3018 563 3080 si
577 3038 638 3102 pro
654 3040 717 3093 me,
731 3030 852 3095 sancte,
868 3017 999 3104 rogabis
1007 3041 1017 3094 3

187 3103 303 3170 Nullus
315 3103 433 3170 abinde
447 3105 555 3183 labor,
573 3107 600 3169 si
615 3118 647 3169 te
659 3117 814 3191 poscente
824 3105 958 3173 beabor.

144 3417 1114 3499 CARXXXIIL-Quomodointermunduaandumanimam

248 3510 409 3590 cujusdam
423 3511 467 3570 ad
480 3511 586 3572 coelum
600 3510 640 3571 ab
651 3511 771 3589 anystis
776 3509 865 3589 ferri
878 3508 999 3570 viderit.

184 3733 318 3809 Sobrius
333 3732 375 3797 ad
389 3753 516 3796 mensas
530 3729 672 3794 residens
688 3730 831 3796 coelestia
843 3749 980 3814 pensas3

107 3857 109 3860 ·
182 3820 272 3887 Dum
285 3818 463 3886 convivaris
478 3829 557 3883 voto
573 3840 669 3903 super
681 3830 768 3882 astra
778 3816 911 3881 levaris:

184 3912 215 3976 A
230 3909 314 3996 dape
329 3921 471 3974 semotus
487 3905 611 3970 lassaris
626 3928 764 3991 corpore
779 3917 884 3969 totus:

184 3998 249 4062 Res
268 4008 371 4062 mutat
385 3997 521 4071 vultum,
538 3994 654 4080 linquit
665 4016 794 4080 quoque
806 3993 942 4059 dextera
956 3993 1109 4069 cultrum3

183 4084 295 4152 Corda
309 4107 410 4169 pavor
424 4083 542 4159 vibrat,
559 4092 699 4145 mentem
715 4082 762 4145 vis
777 4082 890 4149 coelica
903 4082 1008 4147 librat.

182 4175 315 4240 Horum
330 4171 487 4249 miratriX,
503 4171 558 4256 pia
573 4168 728 4235 virtutum
743 4169 939 4248 famulatrix,

182 4261 288 4348 Regia
298 4261 390 4351 virgo
404 4259 536 4348 quidem
551 4280 624 4346 quae
635 4269 713 4325 tunc
728 4259 847 4325 assedit
860 4257 980 4324 ibidem

183 4351 339 4421 Possoere
353 4349 409 4423 vix
420 4371 510 4429 ausa,
526 4348 668 4438 digneris
683 4360 720 4416 ut
733 4348 831 4417 edere
846 4345 965 4425 clausa,
