2888 5018
139 361 189 426 40
581 378 672 427 viru
699 376 835 427 osw1rs1

147 624 246 690 cAr.
272 625 343 688 XX
345 626 603 706 VL-anmodo
626 632 659 691 ia
684 631 873 694 dienatalis
897 630 1111 710 ey'as,caetem‘a
1137 631 1177 693 ab
1204 631 1278 691 omni

232 734 320 795 opere
335 717 440 778 servili
455 718 640 792 vacantibus,
657 738 741 800 seyen
758 718 917 798 cujusdam
931 719 1043 792 clerici,
1059 738 1153 799 ptam
1168 720 1202 780 in
1215 717 1278 779 lior-

232 821 316 865 rcum
330 823 418 866 suum
431 807 610 880 minoraret,
626 825 693 868 cum
707 808 777 887 ipsit
792 807 879 868 domo
892 807 962 887 ione
975 813 1153 886 consumpto
1166 813 1221 868 est.

192 974 354 1060 Tempore
369 999 433 1062 quo
448 976 640 1042 monasterio
659 977 785 1041 Sanctae
805 976 869 1041 Dei
887 976 1068 1042 Genetricis
1083 977 1124 1041 de
1143 976 1281 1040 Wimuu-

146 1063 262 1127 debam
281 1063 408 1129 nomine
428 1064 545 1129 Prioris
560 1063 685 1149 praefui,
702 1064 836 1150 contigit
852 1064 883 1128 in
901 1065 973 1128 villa
987 1064 1040 1129 illa
1054 1064 1142 1152 quod
1157 1087 1282 1129 narrare

146 1151 278 1215 instituo
302 1151 498 1217 miraculum.
544 1153 607 1216 Die
630 1152 783 1239 passionis
811 1152 919 1218 Sancti
944 1152 1042 1238 Regis
1072 1166 1107 1216 et
1131 1152 1281 1239 Martyris

151 1239 281 1317 Oswini,
322 1242 375 1305 uia
396 1239 547 1305 serenitas
570 1254 639 1305 erat
661 1240 811 1319 maxima,
832 1241 989 1330 Rogerius
1012 1239 1142 1328 quidam
1158 1240 1292 1306 subdia-⁴

147 1350 245 1392 conus
258 1263 442 1413 colligendis
457 1327 599 1413 frugibus
622 1327 696 1407 suis,
714 1351 786 1392 cum
801 1329 887 1393 omni
902 1328 1020 1393 familia
1034 1328 1187 1393 ardenter
1201 1328 1282 1392 insu·

146 1416 243 1481 dabat
254 1439 263 1491 ;
287 1430 320 1480 et
342 1416 373 1479 in
396 1439 474 1517 agro
497 1439 554 1480 suo
576 1439 648 1480 cum
667 1417 753 1480 omni
769 1415 880 1480 domlis
896 1417 1132 1481 circumstantia
1146 1433 1281 1494 remoto,

146 1515 266 1567 metam
281 1517 438 1589 congessit
454 1504 494 1568 de
510 1504 632 1588 optimo
643 1504 752 1567 messis
768 1528 833 1568 suae
850 1505 960 1569 ordeo.
1007 1503 1078 1569 Nec
1094 1527 1195 1583 mora,
1212 1526 1283 1570 ecce

146 1602 242 1655 nocte
254 1590 406 1669 insecuta,
421 1591 540 1655 Beatus
555 1591 682 1678 Martyr
697 1590 842 1656 Oswinus
855 1591 983 1656 immisit
995 1592 1102 1676 ignem
1112 1592 1285 1658 sulfureum

147 1678 180 1742 in
195 1691 324 1757 metam,
342 1693 375 1744 et
390 1678 515 1767 redegit
529 1679 562 1741 in
577 1678 715 1743 favillam
728 1703 736 1755 3
752 1702 811 1744 nec
823 1680 970 1765 stipulam
983 1680 1098 1744 siccam
1113 1693 1207 1745 extra
1221 1703 1285 1744 me-

146 1781 214 1831 tam
224 1767 371 1853 positam,
382 1766 458 1831 licet
470 1766 659 1851 proximam,
673 1765 706 1829 in
721 1766 827 1854 aliquo
843 1768 950 1854 tetigit
960 1769 1011 1832 vel
1023 1768 1116 1832 laesit.
1146 1769 1190 1852 *In
1204 1791 1286 1833 cras-

146 1854 215 1920 tino
225 1856 267 1921 ad
278 1878 393 1921 messes
403 1877 473 1919 suas
486 1866 693 1940 properantes
705 1854 808 1934 vicini,
819 1855 969 1920 viderunt
978 1869 1096 1920 metam
1107 1856 1284 1934 ardentem,

147 1956 180 2023 et
192 1957 289 2009 testes
302 1943 429 2007 fuerunt
439 1942 480 2006 ad
495 1943 659 2028 populum,
671 1956 704 2008 et
716 1943 834 2009 celebri
845 1967 973 2008 rumore
986 1944 1186 2032 divulgatum
1198 1956 1246 2009 est
1255 1943 1286 2008 in

145 2032 247 2110 brevi,
271 2053 329 2116 per
354 2053 464 2094 omnes
489 2030 605 2096 vicinas
629 2030 730 2110 villas,
758 2033 891 2107 verbum
916 2032 1004 2120 quod
1026 2032 1147 2096 factum
1172 2045 1222 2097 est
1247 2031 1287 2096 de

147 2120 248 2184 ordeo
273 2117 423 2203 Rogerii3
447 2141 542 2204 quem
566 2132 725 2183 versatum
748 2132 867 2198 mente,
884 2119 1073 2184 dissolutum
1099 2122 1238 2199 actione,
1254 2131 1288 2184 et

100 2228 102 2231 ·
148 2206 251 2271 ordini
270 2228 328 2269 suo
349 2228 409 2270 nec
425 2206 547 2282 habitu,
564 2229 623 2270 nec
639 2208 889 2285 conversatione,
906 2208 939 2272 in
954 2209 995 2272 ali
1020 2231 1061 2273 uo
1073 2207 1284 2286 deferentem,

148 2317 259 2359 omnes
281 2305 449 2358 noverant:
475 2307 508 2357 et
531 2293 604 2358 ideo
629 2294 670 2359 de
694 2296 761 2379 ejus
785 2295 969 2374 infortunio,
996 2231 1105 2360 Saum
1130 2295 1288 2381 glorifica·

149 2383 237 2447 bant.

150 2646 248 2712 CAP.
264 2647 335 2712 XX
337 2646 600 2724 Vll—Qualiter
614 2668 676 2729 pro
690 2649 834 2725 columbo,
850 2670 942 2732 quom
963 2652 1089 2732 quidam
1109 2648 1211 2713 subter
1223 2650 1288 2731 qiu

223 2737 376 2820 feretrum
393 2736 635 2818 praesumptuose
654 2739 772 2813 occidit,
794 2738 971 2819 infirmitate
993 2745 1157 2818 correptus,
1173 2758 1242 2800 cum
1256 2757 1287 2800 ce

228 2828 419 2906 promitteret
438 2829 507 2889 inde
528 2825 767 2906 satisfacturum,
791 2845 886 2887 sonus
907 2825 1038 2907 ffctus,
1062 2826 1146 2906 quod
1164 2831 1287 2888 voverat

196 3086 281 3150 Puer
303 3084 432 3173 quidam
455 3086 495 3150 de
511 3087 686 3152 domestica
703 3086 821 3151 familia
840 3085 973 3151 Roberti
988 3086 1029 3151 de
1049 3087 1202 3164 Gorram,
1221 3083 1287 3149 Ab·

148 3174 230 3238 batis
253 3175 293 3238 de
321 3173 438 3237 Sancto
465 3175 600 3254 Albano,
621 3174 749 3240 nomine
768 3174 936 3252 Henricus,
957 3174 1140 3238 nonnullam
1164 3195 1285 3237 moram

149 3262 320 3349 aliquando
335 3261 455 3328 fecerat
471 3262 503 3326 in
518 3264 670 3350 obsequio
689 3262 836 3328 Gaufridi
854 3261 972 3326 Prioris
988 3262 1029 3327 de
1046 3260 1283 3349 Tynemudthd.

152 3350 216 3414 Hic
239 3349 291 3414 die
314 3349 453 3437 quadam
474 3365 636 3437 assumpto
651 3373 727 3415 arcu
743 3373 886 3434 egressus
902 3364 951 3415 est
966 3352 1007 3414 ad
1023 3351 1238 3415 exercendum
1250 3370 1283 3413 se

149 3438 191 3501 ad
213 3438 447 3503 occurrentium
469 3440 529 3505 sibi
552 3441 714 3524 signorum
736 3460 865 3522 genera,
883 3452 916 3503 et
931 3439 1158 3502 monasterium
1179 3434 1286 3502 Sancti

153 3525 251 3610 Regis
267 3541 301 3590 et
318 3526 469 3613 Martyris
488 3527 607 3594 Oswini
629 3525 732 3612 petiit,
749 3549 921 3614 arcumque
937 3526 1096 3604 tetendit3
1113 3539 1147 3591 et
1165 3525 1286 3612 jaciens

149 3614 309 3699 sagittam,
326 3614 357 3677 in
381 3639 446 3681 uno
467 3614 657 3681 foraminum
679 3615 862 3680 monasterii
878 3614 1016 3679 latitanti
1031 3614 1188 3679 columbae
1203 3613 1287 3677 alam

148 3702 256 3788 fregit.
316 3702 398 3778 Quae
425 3729 458 3769 se
484 3705 591 3767 laesam
618 3702 770 3781 sentiens,
795 3703 949 3768 foramine
974 3702 1035 3767 iter
1064 3725 1122 3788 per
1148 3699 1286 3766 mediam

151 3791 319 3856 maceriam
341 3793 517 3877 praebente,
535 3788 685 3854 interiora
708 3790 818 3876 templi
833 3791 933 3867 adiit;
955 3803 988 3854 et
1011 3791 1101 3877 quasi
1124 3787 1285 3875 refugium

151 3902 306 3967 quaerens,
321 3883 380 3945 sub
392 3878 506 3944 scrinio
525 3877 633 3941 Sancti
647 3876 800 3978 Martyris
816 3903 850 3943 se
862 3877 1046 3943 occultavit.
1082 3879 1184 3943 Porro
1195 3880 1294 3964 juves

149 3967 198 4032 nis
220 3970 312 4032 laetus
335 3969 376 4033 de
398 3965 575 4030 innocentis
598 3964 664 4029 avis
680 3966 819 4045 laesione,
843 3978 951 4053 portas
965 3966 1149 4031 monasterii
1167 3963 1288 4052 pernici

150 4079 260 4141 gressu
282 4055 463 4128 advolavit3
487 4067 521 4117 et
539 4054 727 4137 perveniens
744 4054 785 4118 ad
801 4055 943 4118 tumbam
963 4055 1082 4134 Sancti,
1107 4055 1289 4120 columbam

150 4145 310 4209 iuventam
333 4140 428 4226 cepit,
448 4162 507 4203 nec
535 4140 654 4205 Sancto
675 4143 717 4206 ad
737 4164 833 4228 quem
857 4141 1045 4227 confugerat
1069 4143 1228 4222 deserens,
1255 4141 1289 4205 in

151 4237 217 4320 ejus
233 4230 382 4319 praesidio
398 4227 576 4306 occidit,·et
596 4251 703 4294 secum
720 4229 861 4295 abstulit.
922 4230 988 4294 Sed
1003 4231 1084 4296 ultio
1100 4230 1208 4295 divina
1223 4253 1289 4295 non

149 4321 261 4400 defuit,
273 4320 345 4406 quae
354 4315 561 4383 incontinenti
572 4317 725 4404 juvenem
734 4317 767 4381 in
777 4341 840 4384 uno
852 4319 1037 4386 occulorum
1045 4319 1172 4386 videndi
1184 4319 1289 4384 officio
