2888 5018
566 415 677 466 unsis
704 415 923 471 unisonum.
1270 407 1315 473 51
1416 423 1420 432 ·

161 574 268 644 bebat
289 576 452 642 incassum
470 577 688 661 expendisset,
705 576 823 642 relictis
847 575 988 654 medicis,
1005 578 1122 643 saniori
1137 602 1194 644 usa
1208 602 1252 644 ex
1269 582 1317 646 in·

162 665 342 752 spiratione
358 664 466 728 divina
481 663 624 741 consilio,
641 665 739 728 filiam
755 665 902 740 advocat,
920 687 1055 751 eamque
1070 667 1116 730 sic
1131 667 1315 754 alloquitur.

165 764 190 795 “
208 753 319 830 Vides,
349 766 424 816 nata
449 773 521 815 mea
550 750 743 830 dulcissima,
772 750 860 815 vides
891 765 1025 816 matrem
1055 765 1144 818 tuam
1170 755 1316 821 caecitate

161 839 346 916 incurrisse,
368 862 427 902 nec
454 839 495 903 ab
522 838 587 901 ullo
621 839 818 903 medicorum
848 839 951 901 curari
981 861 1085 922 posse.
1132 842 1316 928 Adquiesce

161 926 265 1012 igitur
285 926 423 990 consiliis
446 925 537 1002 meis,
563 939 597 988 et
624 937 785 990 sumentes
808 940 932 1010 partem
956 927 1101 1010 pecuniae
1124 950 1198 1014 quae
1222 930 1314 995 nobis

158 1013 327 1091 remansit,
344 1013 496 1076 adeamus
512 1011 553 1075 ad
576 1012 750 1096 gloriosum
768 1011 947 1098 Martyrem
974 1013 1127 1077 Sanctum
1152 1015 1315 1081 Thomam

161 1101 431 1166 Cantuariensem
451 1098 724 1183 archipraesulem
748 1099 914 1184 ipsumque
934 1100 1154 1184 deprecemur,
1178 1114 1215 1165 ut
1235 1103 1313 1168 mihi

159 1187 315 1272 impetret
331 1187 350 1250 a
366 1187 440 1250 Deo
456 1186 520 1250 suis
543 1185 751 1263 orationibus,
769 1186 856 1272 quod
871 1187 988 1250 medici
1004 1200 1167 1274 nequeunt
1183 1189 1246 1252 suis
1258 1213 1312 1254 ar·

159 1273 279 1338 tibus.'’
330 1273 472 1337 Assentit
488 1272 593 1336 verbis
608 1275 717 1336 matris
733 1272 809 1351 filia,
828 1287 859 1337 et
875 1295 971 1359 quam
987 1273 1080 1337 citius
1101 1288 1234 1358 possunt
1249 1277 1312 1341 iter

156 1361 327 1446 arripiunt.
375 1363 459 1426 Cum
475 1359 697 1445 pervenissent
718 1361 827 1445 itaque
846 1360 1061 1438 Cantuariam,
1078 1362 1219 1425 et'factis
1235 1377 1310 1429 ante

159 1448 364 1532 sepulchrum
384 1446 517 1531 gloriosi
541 1446 694 1533 Martyris
708 1447 846 1510 Thomae
870 1446 1096 1526 oblationibus,
1114 1446 1253 1535 fusisque
1269 1450 1311 1514 ad

159 1534 272 1599 Deum
298 1557 340 1598 ex
363 1535 460 1598 corde
484 1533 639 1619 precibus,
667 1545 762 1597 nocte
789 1533 935 1618 sequenti
964 1534 1080 1598 mulier
1110 1536 1201 1599 unius
1224 1538 1310 1601 oculi

157 1621 271 1686 lumen
287 1621 420 1706 recepit.
458 1621 585 1685 Perstat
601 1620 707 1684 adhuc
722 1620 755 1683 in
770 1620 929 1705 precibus,
947 1632 983 1683 ut
999 1621 1059 1685 sibi
1074 1622 1205 1686 alterius
1221 1624 1309 1688 oculi

154 1708 267 1774 lumen
284 1709 484 1773 redderetur.
534 1708 617 1772 Cum
637 1731 713 1772 ecce
729 1708 828 1772 altera
843 1721 941 1771 nocte
957 1709 1128 1772 dormienti
1140 1708 1190 1773 'illi
1210 1710 1309 1775 Sanc-

152 1809 211 1860 tus
238 1796 390 1871 Thomas,
424 1794 660 1880 pontificalibus
691 1795 823 1859 indutus
858 1795 1011 1871 vestibus,
1043 1796 1146 1860 astitit
1172 1797 1306 1863 dicens:

157 1882 286 1957 “Quid
304 1883 359 1946 hic
382 1884 482 1967 JaceS,
509 1881 647 1946 mulier?
696 1881 812 1945 Norme
837 1882 931 1945 unius
955 1882 1065 1946 lumen
1093 1883 1152 1946 tibi
1178 1885 1305 1949 reddidi

155 1969 269 2035 oculi?
319 1969 406 2043 Quid
429 1970 480 2034 hic
504 1968 637 2053 amplius
655 1971 838 2054 expectas?
886 1968 963 2032 Non
986 1969 1073 2033 enim
1092 1969 1151 2032 tibi
1173 1970 1304 2035 alterius

154 2057 242 2122 oculi
261 2057 369 2121 lumen
384 2057 528 2121 reddam.
578 2055 643 2120 Sed
659 2079 753 2140 surge
769 2055 844 2133 cito,
859 2067 896 2118 et
919 2055 960 2118 ad
983 2054 1119 2140 patriam
1142 2068 1232 2120 tuam
1253 2081 1305 2122 re·

151 2144 288 2230 pedans,
315 2144 578 2228 Tyuemudtham
600 2143 711 2217 adit03
735 2157 831 2229 atque
855 2143 895 2206 ab
916 2141 1018 2226 ipsius
1042 2143 1105 2206 loci
1132 2143 1301 2223 advocatu,

158 2233 280 2296 Sancto
296 2230 445 2295 videlicet
463 2232 554 2314 Rege
570 2243 604 2294 et
625 2230 771 2317 Martyre
791 2228 931 2307 Oswino,
948 2229 1056 2294 lumen
1072 2230 1202 2295 alterius
1218 2232 1303 2296 oculi

149 2332 242 2404 pete,
260 2331 294 2383 et
310 2318 377 2382 sine
393 2318 492 2382 dubio
508 2317 675 2402 accipies.’'
725 2316 887 2401 Evigilans
903 2316 1014 2402 itaque
1030 2317 1146 2382 mulier
1165 2319 1303 2384 advocat

151 2406 264 2485 filiam,
282 2423 316 2470 et
353 2405 409 2469 uid
435 2428 493 2489 per
508 2404 610 2469 visum
633 2404 758 2468 viderat
780 2404 832 2468 vel
857 2404 1060 2483 audierat‚ei
1084 2428 1141 2490 per
1155 2406 1303 2472 ordinem

153 2507 274 2559 narrat.
378 2515 415 2557 ec
438 2515 547 2567 mora3
571 2491 775 2557 illucescente
794 2491 851 2555 die
875 2505 1021 2576 surgunt,
1038 2504 1072 2556 et
1095 2516 1160 2580 quo
1177 2496 1303 2580 jussum

147 2580 269 2660 fuerat,
286 2579 420 2664 impigre
436 2580 584 2643 tendunt.
633 2579 676 2642 Et
691 2579 857 2644 venientes
873 2591 947 2643 ante
957 2579 1160 2663 sepulchrum
1169 2582 1300 2664 gloriosi

154 2667 256 2752 Regis
278 2680 312 2732 et
336 2667 491 2753 Martyris
518 2665 647 2744 Oswini,
665 2666 750 2730 facta
765 2665 910 2730 oratione
932 2666 1053 2751 pariter
1067 2679 1101 2729 et
1124 2667 1298 2746 oblatione,

151 2757 323 2820 subnecte
341 2755 460 2818 eadem
482 2754 612 2837 alterius
636 2753 720 2816 oculi
742 2752 868 2816 mulieri
892 2753 1058 2816 restitutus
1081 2765 1130 2816 est
1153 2753 1248 2832 visua,
1266 2767 1300 2818 et

148 2863 247 2907 mane
261 2841 348 2907 facto
377 2864 453 2905 cnm
468 2841 534 2904 filit
549 2839 591 2903 ad
606 2839 735 2924 propria
749 2837 855 2903 rediit.

152 3103 256 3168 cAP.
273 3105 553 3182 >ta-Quomodo
567 3105 694 3186 quidam
708 3103 915 3184 defratribur
929 3103 1140 3183 inpraesentia
1155 3102 1262 3168 Sancti
1276 3102 1297 3167 d

367 3195 506 3273 corporis
519 3201 549 3254 et
560 3193 664 3254 cordis
678 3194 719 3253 sit
733 3192 912 3273 infirmitate
923 3192 1079 3253 liberatus.

197 3364 365 3430 Gloriosus
389 3363 480 3428 Deus
505 3365 538 3425 in
567 3363 690 3427 Sanctis
715 3363 878 3438 mirabilis,
896 3362 950 3447 qui
976 3384 1075 3448 usque
1100 3363 1197 3426 modo
1214 3385 1296 3426 eum

148 3463 241 3535 patre
263 3451 453 3515 mirabiliter
476 3464 638 3535 operatur,
656 3451 823 3515 novissime
846 3450 959 3514 diebus
982 3449 1049 3512 istis
1072 3448 1105 3511 in
1132 3449 1224 3515 Beati
1247 3451 1296 3514 sui

152 3537 250 3622 Regis
274 3551 307 3602 et
332 3537 485 3624 Martyris
505 3537 626 3602 Oswini
649 3538 769 3601 meritis
784 3539 921 3601 salutem
937 3547 1087 3620 operatus
1104 3549 1152 3600 est
1168 3538 1295 3602 cuidam

147 3623 238 3688 fratri
261 3625 293 3688 iu
321 3625 430 3689 Sancti
452 3624 623 3709 praesentia
644 3625 831 3700 constitum,
856 3646 948 3711 quem
973 3623 1107 3687 molesta
1129 3624 1295 3689 infirmitas

148 3710 267 3796 duplici
288 3713 490 3777 contristavit
513 3712 728 3775 incommodo.
778 3711 875 3785 Quod
899 3710 1009 3796 utique
1032 3711 1153 3775 factum
1179 3712 1294 3777 litteris

147 3799 334 3864 mandatum
356 3799 489 3887 dignum
513 3799 663 3863 duximus
686 3799 727 3861 ad
750 3812 895 3883 posteros
919 3798 1145 3877 transmittere,
1161 3813 1199 3863 ut
1217 3823 1295 3883 cog-

144 3900 258 3950 noscat
280 3887 447 3971 generatio
470 3887 581 3965 altera,
599 3908 695 3972 quam
714 3885 809 3969 digne
824 3886 884 3949 iste
904 3886 1040 3949 Sanctus
1059 3886 1091 3949 in
1107 3886 1295 3951 memoriam

145 3972 282 4038 vertitur
294 3973 469 4050 hominum,
482 3975 572 4059 cujus
584 3995 674 4036 sacra
684 3973 819 4056 pignora
834 3975 997 4057 signorum
1009 3973 1188 4061 frequentia
1200 3973 1294 4038 titulo

146 4072 247 4125 tantae
263 4061 477 4126 venerationis
492 4061 640 4124 illustrat.
686 4061 719 4123 Is
735 4074 841 4124 autem
858 4060 912 4146 qui
927 4061 1117 4124 Sanctorum
1134 4081 1232 4144 opera
1241 4063 1294 4125 vel

142 4147 273 4212 silentio
294 4148 423 4233 premit,
440 4149 491 4212 vel
511 4171 569 4233 per
584 4146 738 4210 incuriam
758 4148 959 4232 negligenter
979 4147 1109 4224 omittit,
1126 4146 1293 4213 manifeste

146 4233 212 4298 Dei
237 4235 401 4300 beneficiis
428 4237 570 4319 ingratus
594 4257 664 4298 esse
691 4235 911 4299 convincitur:
936 4235 1011 4322 quia
1033 4234 1119 4321 quod
1144 4233 1293 4300 animalia

142 4322 240 4387 bruta
254 4322 343 4423 quasi
368 4344 425 4407 per
447 4323 646 4388 intellectum
670 4322 833 4387 trahuuta
848 4325 971 4398 natura,
988 4321 1049 4384 hoc
1065 4320 1161 4382 homo
1182 4323 1293 4386 sensfis

139 4431 248 4496 capax
272 4433 303 4473 m
328 4432 362 4473 se
378 4423 492 4474 contra
506 4410 613 4495 legem
628 4411 759 4475 rationis
775 4409 901 4475 evertit.
930 4407 1046 4472 Bestiis
1063 4406 1147 4471 enim
1163 4406 1293 4475 insitum
