2888 5018
568 393 807 446 CUTHBEBTB

209 855 325 945 [oxu
360 852 704 934 xxiii-Quomodo
724 876 837 938 corpu
858 857 1013 920 m
1034 863 1180 942 exet

194 948 292 1027 jueta
314 944 397 1026 quod
417 946 483 1024 ipse
506 945 730 1094 mamilli
742 945 810 1027 ejue
823 947 1022 1026 eamfayum
1036 949 1077 1010 sit
1093 953 1181 1030 poei-

689 1051 730 1095 m.

250 1251 374 1316 Praesul
393 1249 584 1326 Radbertus,
601 1260 698 1335 quent
713 1250 790 1315 laete
804 1265 912 1316 mente
924 1252 1074 1332 refertus,

248 1339 401 1404 Versibus
416 1336 551 1424 insignis
567 1336 683 1400 cecinit
697 1337 852 1403 miracula
865 1338 980 1422 dignis.

249 1437 271 1470 “
290 1427 339 1492 0!
364 1447 461 1513 quam
476 1435 614 1502 sanctus,
630 1425 685 1503 ait,
702 1424 791 1490 locus
806 1439 865 1504 est,
882 1425 937 1514 qui
949 1427 1025 1493 talia
1038 1426 1172 1499 eltutitt

248 1525 270 1558 “
289 1515 367 1578 Hoc
381 1514 438 1600 qui
453 1514 601 1591 servavit,
616 1512 794 1599 quodcum
809 1514 929 1579 virtute
944 1516 1100 1582 sacravitt

246 1613 268 1645 “
284 1602 383 1667 Unde
399 1602 466 1666 scio
481 1623 555 1666 vere
570 1600 660 1688 quod
669 1603 737 1687 jam
748 1601 867 1687 poterit
880 1624 1047 1669 remanere

246 1701 268 1733 “
284 1691 448 1776 Tempore
463 1712 529 1754 non
545 1689 648 1753 multo
664 1712 783 1755 vacuus
799 1690 890 1755 locus
901 1691 956 1755 ille
972 1689 1109 1777 sepulto.

247 1788 269 1821 “
285 1778 395 1854 Quam
409 1779 492 1843 bene
507 1775 667 1864 pensabit,
682 1801 780 1864 quem
795 1801 863 1843 sors
879 1778 965 1845 ineo
980 1779 1175 1850 tumulabitl

248 1876 269 1908 ‘⁶
287 1866 382 1930 Felix
397 1880 447 1932 est
461 1866 598 1936 multum
614 1866 667 1931 cui
681 1867 722 1932 sit
736 1867 825 1932 locus
841 1867 900 1933 iste
915 1868 1153 1954 sepulchmm.'’

248 1955 370 2018 Praesul
386 1957 533 2033 devotus»,
558 1976 732 2040 suspensus
747 1955 789 2020 ad
805 1956 928 2020 aethera
942 1969 1041 2037 totus,

247 2042 311 2106 His
327 2042 430 2106 multo
444 2043 540 2128 plura
554 2041 639 2107 dixit
653 2041 791 2108 sitiendo
802 2044 920 2109 future.

248 2130 339 2194 Hinc
354 2130 468 2194 morbo
483 2143 598 2208 tectus,
614 2143 813 2218 mortemque
829 2131 937 2196 subire
952 2140 1094 2208 coaetus,

247 2218 341 2281 Felix
356 2230 506 2282 votorum
521 2239 654 2304 compos
669 2219 707 2282 fit
722 2219 843 2306 ubique
859 2240 1009 2285 suorumt

246 2307 384 2390 Spiritus
401 2320 485 2370 astra
499 2307 590 2391 petit,
615 2328 690 2369 cero
706 2307 907 2395 sarcophago
921 2310 1088 2395 requievit,

249 2393 324 2468 Qua
338 2416 414 2458 caro
428 2394 601 2460 Cuthberti
615 2396 818 2481 requieverat
833 2396 934 2462 inscie
947 2398 1033 2468 nevi.

204 2754 318 2841 [CAP.
338 2750 489 2834 XLIIL]
499 2752 973 2837 -Qtwmodoelen'eeeoeyttilet
986 2759 1032 2821 ad
1039 2761 1173 2825 tum

483 2842 549 2922 ejus
562 2845 681 2906 orando
691 2845 734 2906 sit
752 2850 890 2908 eamus.

246 3063 367 3129 Tabuit
383 3063 471 3128 haud
482 3087 591 3149 sospes
614 3065 815 3130 miserendus
832 3064 965 3134 clericus
980 3066 1115 3155 hospes3

242 3150 315 3217 Jam
331 3148 528 3238 desperatus,
545 3143 661 3218 nimios
684 3152 800 3235 'tulerat
815 3147 995 3221 cruciatus:

241 3242 314 3306 Jam
331 3264 431 3328 prope
447 3238 575 3319 defecit,
592 3263 687 3329 quem
699 3238 788 3306 nulla
799 3234 925 3306 medela
939 3240 1062 3309 refecit.

243 3331 309 3395 Sed
325 3343 382 3394 tue
397 3331 518 3409 tumba,
536 3329 678 3418 quidem,
700 3329 892 3409 Cuthberte,
909 3331 994 3395 salus
1009 3331 1048 3393 fit
1063 3331 1180 3402 eidem.

242 3417 308 3481 Vix
324 3417 418 3481 miser
432 3418 496 3481 huc
511 3418 594 3483 letus
609 3417 716 3483 fundit
727 3417 926 3482 lacrimando
940 3430 1098 3502 precatus,

247 3505 295 3568 Ut
310 3527 407 3589 prece
420 3505 613 3592 ¹languorem
628 3504 729 3590 pellas
744 3505 796 3568 vel
810 3516 915 3568 morte
927 3503 1085 3584 dolorum,

247 3591 330 3666 Quae
347 3593 388 3656 sit
403 3604 568 3656 tentorum
582 3613 657 3678 quae
670 3591 783 3655 suffert
798 3605 884 3656 mete
897 3590 1069 3661 melorum.

243 3679 347 3768 AEger
363 3694 398 3744 ut
413 3680 516 3743 oravit
531 3699 610 3743 mox
625 3680 727 3744 virtus
742 3679 830 3742 hune
845 3678 1023 3763 reparavit3

242 3768 354 3835 Virtus
369 3767 508 3833 eoelestis
523 3767 615 3855 fugat
629 3767 706 3831 huie
719 3764 902 3830 discrimina
916 3766 1015 3851 pestis
1030 3791 1039 3833 r

245 3856 298 3922 Sic
313 3880 371 3942 per
387 3858 538 3921 virtutem
548 3857 644 3920 eitius
657 3854 790 3919 rediisse
804 3854 941 3920 salutem

246 3943 378 4031 Oppido
392 3945 538 4024 miratur,
553 3943 728 4031 laudesque
739 3943 887 4008 cauendo
900 3943 1059 4031 profatur.

245 4031 295 4096 Ut
309 4032 422 4103 laudes
437 4046 562 4099 centem
578 4054 636 4118 per
650 4033 747 4098 saecla
761 4031 902 4097 videndo
916 4044 1082 4098 tonantem

244 4118 304 4187 Me
319 4120 427 4190 releva
440 4122 570 4204 fessum,
586 4123 712 4211 pemati
724 4118 867 4206 pondere
880 4141 1036 4211 pretium.
