2888 5018
511 407 622 454 nutus
652 406 874 454 urrunnun.
1247 395 1288 460 ll

145 569 349 634 Edelwinum
371 566 486 631 domirs
509 590 576 630 suae
599 580 838 651 procuratorem
862 580 987 632 armato
1005 569 1174 653 globatum
1196 572 1296 635 milite

142 657 275 733 direxit,
303 655 427 738 Regem
458 654 622 718 Oswinum
642 654 865 718 Beatissimunr
894 656 1007 733 teneri,
1032 671 1065 720 et
1085 657 1298 722 incontinenti

143 744 231 807 serro
248 741 399 806 transfodi
415 741 563 826 precibus
580 741 713 826 imperio
729 741 883 820 subnixis,
901 744 961 806 sub
977 743 1096 808 debitae
1108 745 1184 808 fidei
1199 759 1296 809 attes-

144 831 266 895 tatione
292 829 457 913 praecepit.
507 828 609 916 Igitur
640 828 824 891 Edelwinus
847 829 880 892 in
903 853 997 893 manu
1021 831 1097 895 forti
1123 832 1297 895 Hunwaldi

145 919 276 982 domum
302 917 384 979 clam
411 915 580 999 ingressus,
606 915 809 978 innocentem
841 917 963 1000 Regem
990 918 1153 982 Oswinum
1181 919 1295 997 tenum

144 1005 238 1091 eique
249 1003 298 1068 sui
309 1001 431 1067 domini
444 1017 477 1066 et
488 1001 572 1089 regis
582 1002 743 1086 nephandi
759 1003 843 1066 Oswi
855 1004 994 1068 edictum
1006 1005 1136 1069 exitiale
1146 1006 1296 1071 innotuit.

148 1090 315 1155 Preciosus
339 1113 416 1154 vero
438 1093 585 1173 agonista
608 1089 672 1152 Dei
693 1089 829 1173 primbm
849 1113 889 1154 ex
905 1091 1058 1176 inopinati
1075 1091 1165 1156 casfis
1181 1107 1297 1157 eventu

145 1179 302 1253 turbatus,
327 1177 384 1240 sed
407 1177 514 1240 statim
540 1176 656 1240 viribus
680 1177 756 1239 fidei
780 1177 999 1255 comfortatus,
1023 1193 1056 1243 et
1077 1180 1094 1243 t
1118 1180 1299 1244 turbatione

144 1264 403 1350 expergefactus
424 1263 457 1327 in
477 1263 587 1326 mortis
607 1263 798 1326 imminentis
820 1265 1010 1329 necessitate
1030 1265 1196 1341 consilium
1212 1289 1299 1330 com-

144 1351 319 1415 municavit
335 1374 408 1414 cum
430 1350 558 1426 virtute,
576 1364 609 1414 et
625 1349 849 1414 necessitatem
865 1352 1082 1415 inevitabilem
1099 1368 1298 1417 commutans

144 1439 177 1501 in
195 1439 346 1502 virtutem
363 1438 585 1515 voluntariam,
603 1437 700 1502 Cristi
712 1437 803 1520 signo
816 1439 963 1501 muniens
975 1453 1087 1523 pectus
1100 1454 1133 1503 et
1145 1440 1296 1524 linguam,

144 1526 242 1588 misso
257 1525 441 1610 spiculatori
454 1526 518 1589 tale
529 1525 632 1588 fertur
644 1525 770 1587 dedisse
781 1547 976 1608 responsum.
1017 1537 1040 1566 “
1055 1527 1202 1590 Edictum
1215 1528 1298 1611 regis

148 1612 194 1677 tui
209 1614 328 1697 pendet
344 1634 385 1676 ex
405 1611 611 1696 permissione
630 1610 693 1674 Dei
714 1613 797 1694 regis
814 1612 888 1689 mei,
910 1635 968 1676 nec
985 1613 1081 1677 estin
1099 1613 1299 1698 permission-

145 1701 217 1764 ibus
233 1699 348 1762 divinis
364 1699 483 1785 aliquid
500 1701 550 1763 vel
566 1698 718 1785 injustum
735 1699 785 1762 vel
801 1699 1026 1764 inordinatum.
1076 1701 1118 1764 Et
1133 1700 1208 1766 ideo
1223 1702 1299 1766 licet

146 1786 339 1850 innocentiae
359 1787 435 1849 mihi
450 1787 533 1849 scius
548 1810 628 1863 sum,
646 1809 705 1850 uec
721 1785 851 1849 fecerim
868 1801 949 1851 teste
966 1787 1160 1852 conscientia
1174 1803 1208 1852 et
1223 1811 1300 1852 con·

144 1874 350 1938 scientiarum
366 1873 493 1937 conscia
497 1920 621 1938 .........

148 2136 248 2201 CAP.
264 2139 286 2200 I
286 2137 316 2198 V
315 2138 516 2214 .-Quuliter
527 2157 639 2216 corpus
650 2137 832 2199 Beatissimi
846 2138 945 2217 Reqis
955 2146 984 2199 ct
1004 2137 1162 2219 Martyris
1180 2138 1301 2202 Oswini

446 2229 552 2304 quinto
568 2225 638 2286 ideis
652 2223 769 2286 Martii
784 2228 936 2287 inuentum
951 2229 1007 2303 sit..

196 2397 290 2460 Anno
314 2395 539 2460 iucarnationis
572 2395 752 2461 Dominicoe
783 2397 1008 2462 sescentesimo
1035 2398 1298 2485 quiuquagesimo

147 2483 262 2568 prim0,
279 2483 436 2570 gloriosus
454 2485 636 2570 Deyrorum
657 2485 731 2549 Rex
751 2485 908 2563 Oswinus,
926 2485 1107 2570 proditione
1123 2486 1297 2563 mediante,

147 2570 255 2654 gladio
287 2571 474 2648 trucidatus,
503 2571 560 2635 sed
587 2571 770 2636 innocentia
792 2587 998 2658 promerente
1022 2572 1062 2635 ad
1089 2573 1227 2638 coelestia
1250 2587 1299 2637 est

148 2658 330 2722 translatus.
380 2659 561 2744 Statimque
585 2659 626 2722 ab
650 2659 699 2721 lris
719 2683 855 2746 quorum
873 2658 978 2722 officio
994 2659 1166 2723 discrimini
1182 2660 1296 2743 patuit,

146 2745 273 2808 delatus
293 2745 398 2808 estad
417 2745 533 2808 ostium
552 2745 655 2832 Tynae
674 2746 823 2823 fiuminis,
844 2747 950 2808 locum
967 2746 1117 2809 videlicet
1132 2747 1173 2809 ab
1188 2746 1298 2809 incolis

146 2831 287 2915 regionis
310 2832 353 2894 ob
376 2831 567 2895 imminentis
591 2832 677 2915 rupis
700 2833 903 2895 securitatem
920 2832 961 2895 ab
981 2830 1126 2895 hostibus
1141 2831 1298 2896 celebrius

147 2920 398 3017 frequentatum,
415 2919 473 2981 sed
496 2919 538 2981 ob
554 2919 764 2981 reverentiam
781 2918 929 3002 gloriosae
948 2918 1072 3002 Virgini
1091 2918 1206 2983 Mariae
1222 2919 1298 2984 inibi

148 3004 326 3068 exhibitam
342 3005 481 3068 tenerids
497 3018 650 3082 amatum,
668 3004 776 3091 ibique
791 3005 933 3090 sepultus
946 3019 995 3069 est
1011 3005 1041 3068 iu
1058 3006 1201 3071 oratorio
1216 3008 1300 3092 ejus-

148 3093 223 3156 dem
236 3091 374 3174 virginis
389 3093 475 3178 quod
489 3104 707 3156 constructum
719 3106 789 3156 erat
804 3094 845 3157 ad
860 3092 1042 3179 aquilonem
1057 3094 1206 3158 fluminis.
1255 3095 1298 3160 Et

147 3178 223 3266 quia
246 3180 332 3243 rudis
355 3180 444 3244 natio
467 3181 528 3244 illis
552 3180 760 3264 temporibuS,
784 3193 817 3244 et
840 3180 901 3244 illis
926 3181 956 3244 iu
980 3180 1058 3245 locis
1077 3205 1141 3245 nou
1161 3183 1297 3246 multum

148 3267 346 3332 efficiebatur
361 3268 446 3332 circa
460 3268 700 3353 sepulchrarum
712 3268 858 3356 gloriam,
877 3269 1087 3333 reverendum
1103 3290 1217 3354 corpus
1233 3293 1299 3334 sar·

147 3356 294 3440 cophago
318 3356 446 3440 lapideo
475 3355 669 3440 impositum,
693 3355 725 3419 in
751 3356 863 3420 abdito
884 3356 954 3420 sinu
979 3370 1074 3421 terrae
1095 3357 1298 3422 reconditum

147 3456 208 3507 est.
256 3443 441 3529 Habitaque
464 3457 513 3506 est
536 3443 568 3505 in
591 3465 715 3506 summo
730 3444 852 3507 honore
872 3443 970 3527 Regis
986 3443 1114 3507 illustris
1131 3448 1295 3523 memoria,

148 3529 233 3593 circa
248 3553 328 3615 quos
344 3529 374 3592 vi
398 3530 445 3593 uit
469 3529 501 3592 in
524 3552 619 3593 carne
635 3529 783 3608 viventis,
802 3545 835 3595 et
852 3531 1002 3595 diadema
1016 3530 1139 3618 regium
1156 3532 1297 3620 gerentis

148 3615 339 3681 reverentia.
375 3555 556 3680 gFamiliare
572 3617 690 3702 quippe
702 3618 837 3704 usuique
854 3630 913 3694 est,
931 3632 967 3681 ut
982 3632 1108 3682 ametur
1122 3619 1295 3696 extinctus,

148 3704 203 3791 qui
218 3705 386 3768 amabatur
402 3705 513 3778 virus3
538 3720 708 3768 veneretur
720 3705 752 3768 in
767 3705 971 3770 mortalitatis
983 3705 1067 3769 stoli
1080 3705 1295 3782 circundatus,

170 3792 203 3854 ui
233 3792 414 3856 reverentia
444 3792 621 3867 colebatur,
654 3814 746 3856 sacco
776 3807 895 3857 nostrae
920 3793 1132 3878 corruptionis
1156 3794 1295 3857 indutus.

148 3815 253 3942 lorro
270 3879 349 3943 fides
368 3879 465 3945 Cristi
488 3901 561 3965 quae
585 3878 616 3941 in
641 3879 825 3968 Deyrorum
840 3904 941 3969 regno
956 3881 1075 3958 floruit,
1097 3882 1215 3944 Sancto
1236 3879 1297 3943 Os·

149 3965 232 4029 wino
247 3979 413 4050 regnante,
432 3981 464 4031 et
481 3967 672 4052 praesulaute
693 3968 812 4032 Sancto
828 3969 975 4054 Aydauo,
993 3970 1084 4032 versi
1099 3968 1168 4031 vice
1184 3987 1297 4049 regum

150 4065 184 4115 et
210 4053 346 4136 praesule
372 4068 480 4118 tractu>
503 4053 655 4138 temporis
680 4055 846 4119 emarcuit.
908 4055 994 4120 Nam
1019 4055 1108 4139 genti
1132 4052 1296 4138 praedictoe

149 4162 234 4204 nunc
248 4138 370 4218 fideles,
394 4163 479 4206 nunc
494 4141 639 4206 infideles
662 4142 942 4227 principabantur3
966 4157 999 4208 et
1009 4143 1105 4226 juxta
1119 4139 1297 4224 principum

150 4227 308 4305 instituta,
332 4227 420 4293 varia
441 4229 567 4293 divinus
590 4229 695 4293 cultus
722 4230 753 4293 in
779 4232 996 4315 subjectarum
1019 4227 1161 4312 plebium
1184 4226 1297 4292 studiis

149 4315 248 4380 sensit
265 4315 442 4401 dispendia.
490 4316 563 4381 Tali
582 4317 749 4382 occasione
764 4316 919 4382 memoria
937 4315 1045 4381 Sancti
1063 4312 1217 4399 Martyris
1237 4314 1298 4382 Os-

150 4402 222 4466 wiui
245 4404 402 4482 obseleta,
427 4415 461 4468 et
479 4403 615 4491 penitus
635 4404 754 4484 deleta,
774 4402 919 4469 funditirs
938 4403 980 4466 ab
999 4399 1162 4465 hominum
1184 4402 1298 4469 noritis
