2888 5018
154 364 206 428 50
597 377 688 426 VITA
717 375 855 426 oswnn

155 561 243 616 ecce,
260 537 368 602 videte
384 536 438 601 ubi
454 537 602 601 dominus
618 562 706 603 meus
723 540 858 602 Sanctus
875 533 1023 600 Oswinus
1039 532 1192 597 incedit.”
1241 532 1306 596 Ea-

156 625 293 710 demque
317 624 414 688 verba
435 637 596 708 repetens,
617 625 776 701 surrexit3
799 624 841 688 ad
862 622 1054 686 monachum
1078 619 1132 706 qui
1157 633 1304 683 sanctum

155 712 345 775 observabat
368 711 571 796 sepulchrum
595 713 738 790 accessit,
755 733 893 797 eumque
908 709 1033 772 sinistra
1048 727 1145 770 manu
1160 728 1219 790 per
1236 729 1306 771 ves-

155 797 290 861 timenta
312 811 436 875 tenens,
465 800 598 863 extensa
620 823 717 864 manu
739 798 885 874 dextera,
914 796 1016 879 digito
1040 794 1085 858 illi
1113 793 1306 857 ostendebat

155 883 287 956 dicens3
312 895 334 925 ‘⁶
348 885 501 962 Domine,
518 886 592 950 vide
609 888 663 952 ubi
686 886 753 951 abit
769 884 916 949 dominus
932 905 1020 945 meus
1044 883 1181 944 Sanctus
1202 880 1306 944 Oswi-

153 992 227 1034 nus.
276 970 349 1055 Ipse
371 972 469 1037 modo
492 986 567 1037 ante
589 997 641 1037 me
665 972 818 1048 substitit,
843 970 985 1056 mihique
1009 968 1153 1033 auditum
1178 966 1308 1030 dextrae

155 1055 307 1121 auriculae
323 1059 380 1122 sua
402 1059 504 1143 gratia
519 1060 690 1124 restituit.”
740 1058 917 1122 Audientes
933 1057 1004 1120 haec
1023 1056 1078 1143 qui
1097 1055 1256 1131 astabant,
1273 1066 1305 1117 et

153 1143 208 1230 qui
224 1167 297 1208 eum
313 1146 445 1209 surdum
466 1146 565 1211 luisse
580 1147 755 1212 certissime
772 1157 940 1220 noverant,
959 1142 1150 1208 accedentes
1173 1140 1307 1225 propius

153 1229 395 1320 interrogabant
411 1256 486 1297 eum
506 1234 547 1298 de
566 1235 686 1312 multis,
705 1233 746 1297 ad
769 1255 842 1319 quae
858 1231 967 1295 omnia
982 1230 1035 1294 ille
1052 1227 1215 1293 sanissime
1239 1250 1307 1292 res·

153 1318 279 1402 pendit,
296 1319 479 1407 pariterque
496 1344 570 1385 cum
585 1321 633 1386 eis
647 1321 688 1386 ad
704 1319 833 1405 propria
847 1317 953 1385 rediit.
997 1372 999 1376 ,

287 1580 386 1644 CAP.
405 1579 514 1642 XXX
513 1582 708 1646 Vlla-De
717 1581 910 1663 paupercald
925 1580 1051 1642 muliere
1065 1578 1173 1640 surdd.

182 1728 185 1736 ,
202 1750 268 1815 Sed
283 1763 317 1815 et
332 1751 446 1815 mulier
461 1753 609 1840 quaedam
625 1752 822 1837 paupercula
834 1752 875 1816 de
894 1750 1054 1827 Boldune,
1072 1771 1144 1836 quae
1160 1747 1179 1812 a
1194 1748 1307 1813 multis

151 1837 324 1922 praeteritis
348 1838 438 1902 annis
461 1854 632 1926 utrumque
655 1840 801 1903 auditum
827 1839 976 1902 amiserat
999 1834 1132 1914 aurium,
1158 1835 1200 1900 ad
1221 1834 1306 1899 hanc

152 1924 389 1989 solemnitatem
404 1948 477 1990 cum
492 1930 629 2004 caeteris,
647 1926 701 2014 qui
717 1927 812 1990 causa
826 1924 963 1989 medelae
978 1935 1192 2000 occurrerant,
1206 1921 1306 1986 adve-

151 2013 210 2075 nit.
259 2013 343 2077 Cum
355 2012 463 2111 itaque
480 2014 640 2078 indefesse
656 2014 708 2078 die
724 2037 761 2077 ac
777 2026 872 2076 nocte
889 2010 953 2077 Dei
969 2024 1003 2074 et
1023 2009 1131 2073 Sancti
1149 2009 1305 2094 Martyris

151 2097 338 2183 imploraret
350 2100 515 2177 auxilium,
527 2124 628 2187 usqne
641 2101 682 2164 ad
694 2102 865 2185 septimum
877 2098 963 2162 diem
975 2099 1009 2160 in
1021 2096 1134 2160 eadem
1146 2096 1306 2160 surditate

151 2185 333 2269 permansit.
384 2187 449 2250 Sed
461 2187 625 2271 patientiae
638 2188 735 2272 ipsius
748 2187 860 2251 volens
873 2184 963 2250 Deus
976 2183 1127 2247 adhibere
1140 2182 1301 2262 solatium,

151 2272 397 2357 superveniente
421 2275 534 2338 octava
557 2275 610 2339 die
636 2273 856 2349 solemnitatis,
885 2295 958 2335 cum
986 2283 1080 2334 nocte
1104 2269 1303 2354 praecedenti

152 2357 337 2442 gravissimo
354 2382 467 2423 somno
490 2361 642 2445 depressa
655 2361 823 2438 dormiret,
839 2371 946 2422 custos
968 2356 1153 2421 monasterii
1175 2355 1304 2440 signum

152 2446 194 2510 ad
210 2445 398 2509 excitandos
422 2447 537 2511 fratres
560 2449 687 2532 pulsare
703 2447 810 2532 coepit.
859 2447 910 2509 Ad
927 2448 1015 2531 cujus
1031 2466 1144 2508 sonum
1159 2444 1306 2508 excitata

150 2533 264 2607 mulier
279 2533 376 2618 coepit
388 2533 494 2598 mirari
506 2535 595 2620 quod
610 2534 756 2598 auditum
770 2545 1000 2619 recuperasset,
1014 2544 1193 2617 putansque
1206 2532 1303 2596 nnius

149 2632 276 2684 tanturn
295 2620 446 2684 auriculae
465 2644 499 2685 se
523 2621 703 2706 percepisse
721 2621 877 2696 auditum,
900 2617 1071 2684 obstrinxit
1087 2617 1190 2704 digito
1211 2618 1305 2681 sinis-

149 2718 243 2784 tram,
261 2720 294 2772 et
309 2731 353 2772 ex
368 2708 502 2772 dextera
517 2709 600 2773 clare
616 2709 747 2772 audivit.
796 2708 1036 2792 Obstruensqne
1052 2704 1157 2788 digito
1170 2704 1304 2768 alterius

149 2794 260 2859 maniis
277 2795 450 2860 auriculam
461 2795 640 2873 dexteram,
654 2819 720 2860 non
735 2795 838 2859 minus
854 2794 936 2858 clare
949 2816 982 2857 se
998 2792 1040 2855 de
1050 2791 1175 2855 sinistra
1190 2791 1303 2856 audire

149 2882 259 2966 gavisa
273 2896 332 2946 est.
383 2883 593 2969 Sentiensque
609 2907 642 2946 se
659 2884 824 2969 utriusque
841 2880 992 2945 auriculae
1014 2879 1195 2964 percepisse
1210 2879 1303 2942 audi-

150 2981 231 3046 tum,
254 2991 313 3053 pro
329 2968 447 3033 collato
463 2970 522 3033 sibi
545 2971 702 3035 beneficio
720 2970 794 3035 Deo
813 2970 996 3054 Sanctoque
1021 2965 1160 3050 Martyri
1181 2965 1303 3052 gratias

150 3055 236 3139 egit3
260 3055 357 3141 idque
377 3055 410 3118 in
426 3056 564 3120 crastino
579 3056 728 3121 fratribus
744 3073 779 3121 et
800 3055 921 3140 populo
941 3054 995 3141 qui
1018 3052 1139 3129 aderat,
1156 3053 1304 3140 gaudens

150 3142 319 3220 intimavit,
337 3153 433 3229 atque
445 3164 517 3206 cum
534 3143 631 3209 nimia
645 3143 845 3208 exultatione
861 3141 903 3206 ad
917 3139 1047 3226 propria
1061 3139 1169 3204 rediit.

415 3405 513 3470 CAP.
530 3407 794 3472 XXXIX-De
809 3408 932 3468 muliere
946 3405 1039 3468 coecd.

196 3576 236 3641 In
252 3574 326 3639 villa
341 3575 384 3640 de
402 3577 609 3644 Edenesburc
625 3591 696 3645 erat
710 3576 825 3640 mulier
840 3576 999 3664 quaedam,
1017 3597 1090 3662 quoe
1106 3573 1221 3639 marito
1231 3577 1302 3663 jam

149 3663 313 3739 defuncto,
330 3663 399 3727 sola
413 3688 485 3729 cum
501 3667 595 3732 unica
609 3677 803 3731 remanserat
819 3664 896 3728 filit.
943 3663 1021 3727 Erat
1036 3677 1145 3725 autem
1157 3685 1223 3726 non
1233 3686 1302 3728 me·

148 3749 265 3813 diocris
281 3751 481 3831 substantiae,
498 3753 555 3818 sed
578 3753 686 3816 omnia
701 3751 744 3814 illi
767 3752 856 3814 bona
870 3751 967 3814 etiam
986 3749 1300 3834 superabundabant.

152 3837 251 3902 Unde
267 3837 397 3924 quidam
407 3841 544 3924 juvenes
559 3861 623 3902 non
639 3838 649 3900 i
674 3838 796 3902 nobiles
812 3837 910 3901 filiam
927 3837 995 3920 ejus
1011 3835 1044 3899 in
1060 3836 1301 3901 matrimonium

148 3925 314 4009 petebant,
327 3938 391 3989 tam
407 3949 466 4009 pro
476 3863 712 4009 pulcluitufine
728 3924 825 4008 ipsius
837 3947 933 4022 quam
945 3946 1001 4007 spe
1017 3922 1163 4006 pecuniae
1178 3923 1300 3988 matris.

152 4011 218 4076 Sed
232 4035 305 4075 cum
320 4011 382 4075 hoc
398 4012 581 4075 differretur
595 4012 774 4094 negocium,
792 4011 898 4074 subito
913 4023 1016 4072 mater
1031 4009 1198 4094 utriusque
1213 4011 1301 4075 oculi

145 4098 256 4183 lumen
271 4098 386 4164 amisit.
436 4097 524 4171 Quid
540 4096 636 4185 igitur
651 4111 726 4186 agat
743 4098 881 4182 ignorat.
922 4095 1070 4160 Advocat
1087 4096 1218 4160 tandem
1233 4120 1301 4162 me·

146 4185 248 4265 dicos,
266 4200 300 4251 et
323 4182 492 4270 pecuniam
507 4185 638 4271 quama
660 4185 768 4248 multis
792 4196 1046 4270 congregaverat
1062 4183 1164 4260 annis,
1188 4185 1300 4268 paucis

146 4273 260 4338 diebus
281 4270 428 4358 pecuniae
451 4293 533 4355 pene
553 4283 655 4335 totam
677 4272 711 4334 in
734 4269 877 4334 medicos
893 4281 1017 4354 erogat,
1037 4270 1094 4335 sed
1117 4269 1214 4332 nichil
1239 4271 1302 4336 sibi

146 4360 301 4446 proficit..
331 4359 478 4444 Cumque
495 4357 594 4422 tribus
611 4358 703 4424 annis
719 4356 903 4442 etamplius
919 4379 1004 4442 pene
1021 4371 1127 4422 totum
1139 4357 1228 4447 quod
1242 4357 1302 4424 ha·
