2888 5018
548 405 660 454 neers
687 386 908 454 nbraoamu.
1283 392 1308 455 5

152 567 343 645 excederet,
361 566 451 653 quasi
473 566 576 630 filium
599 567 796 652 corriperet3
813 588 896 630 nunc
921 566 952 628 in
974 567 1070 630 rebus
1090 566 1304 651 spiritualibus

153 676 344 738 suspensum
359 654 449 741 quasi
471 656 594 719 socium
609 676 793 718 sermonum
808 653 980 718 dulcedine
995 653 1121 718 foveret
1137 669 1170 717 et
1191 677 1304 718 accen-

155 741 262 806 deret.

157 1002 256 1066 CAP.
280 1004 327 1067 ΙΙ.
336 1039 367 1052 -
376 1005 519 1082 Qualiter
533 1005 605 1067 Rea
619 1004 751 1068 Sorrotus
770 1001 792 1066 ἁ
811 1004 922 1068 Sancto
937 1003 1070 1084 Aydono
1084 1008 1223 1086 episcopo
1237 1025 1304 1067 cor-

241 1099 355 1170 reptas,
370 1093 464 1154 verba
479 1093 565 1153 illins
580 1094 612 1152 in
626 1093 715 1154 corde
729 1111 784 1152 suo
797 1111 990 1166 conservans,
1007 1096 1040 1154 ia
1050 1096 1193 1172 spiritam
1204 1094 1305 1155 trami-

239 1179 337 1240 titotis
351 1187 422 1263 ante
432 1180 527 1258 pedes
540 1179 607 1257 rjus
620 1180 685 1241 solo
699 1178 904 1257 naasjucra't,
921 1186 956 1241 nt
968 1183 1088 1242 venium
1101 1189 1277 1242 mereretur.

201 1349 308 1412 Vitam
325 1372 463 1436 namque
477 1372 569 1424 suam
583 1348 670 1412 omni
686 1349 841 1413 virtutum
856 1349 1023 1414 honestate
1038 1373 1097 1415 rex
1113 1350 1304 1416 informave-

152 1450 214 1512 rat,
232 1449 266 1500 et
281 1459 354 1522 quae
375 1436 407 1499 in
422 1436 616 1520 pauperibus
631 1459 714 1513 rara,
732 1435 765 1499 in
781 1435 932 1499 divitibus
949 1459 1025 1500 vero
1040 1437 1128 1501 nulla
1143 1461 1211 1502 esse
1227 1461 1303 1503 con-

152 1523 256 1586 suevit
272 1522 445 1600 humilitas,
463 1523 495 1586 in
511 1523 608 1606 regiae
624 1525 739 1587 mentis
755 1523 911 1607 penetrali
927 1523 1123 1587 domicilium
1138 1525 1197 1588 sibi
1212 1548 1303 1589 sanc-

151 1609 264 1673 cierat.
324 1610 389 1674 Sed
415 1625 569 1696 quantum
594 1610 755 1674 humilitas
783 1611 924 1674 omnium
952 1610 1113 1675 virtutum*
1135 1626 1238 1676 mater
1268 1627 1301 1678 et

151 1692 397 1760 fundamentum
416 1720 485 1762 esse
505 1697 717 1781 cognoscitur,
743 1697 915 1761 dicendum
935 1711 984 1762 est
1003 1700 1093 1783 cujus
1113 1699 1299 1764 humilitatis

152 1783 201 1846 vir
216 1783 275 1848 iste
291 1784 398 1862 fuerit,
412 1784 467 1871 qui
483 1797 532 1848 tot
547 1785 579 1848 in
594 1807 628 1848 se
644 1784 779 1850 virtutes
794 1785 944 1849 habuisse
956 1785 1083 1849 dicitur.
1133 1787 1197 1859 Qui
1214 1787 1299 1852 euim

151 1871 219 1935 sine
244 1872 424 1936 humilitate
449 1871 583 1936 virtutes
609 1886 796 1957 congregat,
819 1871 910 1957 quasi
930 1873 963 1935 in
987 1888 1118 1937 ventum
1134 1875 1299 1957 pulverem

151 1972 269 2042 portat.
318 1959 394 2043 Ejus
407 1959 505 2043 igitur
519 1959 603 2024 inter
616 1973 751 2024 caeteras
764 1960 889 2023 virtutis
905 1973 939 2024 et
954 1961 1132 2037 modestiae,
1147 1976 1190 2037 et,
1205 1975 1240 2023 ut
1256 1961 1302 2026 ita

150 2047 266 2123 dicam,
280 2046 424 2130 specialis
440 2045 671 2110 benedictionis
686 2046 814 2130 glorias,
828 2044 925 2109 etiam
938 2047 1078 2110 maxima
1089 2046 1191 2111 fertur
1202 2047 1299 2113 fuisse

151 2133 322 2209 humilitaS,
340 2147 376 2197 ut
395 2156 460 2196 uuo
480 2135 617 2218 probare
632 2145 681 2197 sat
697 2134 758 2198 erit
773 2135 933 2220 exemplo.
980 2134 1179 2211 Donaverat,
1197 2134 1299 2221 iuquit

155 2220 353 2285 Venerabilis
387 2220 489 2284 Baeda
517 2221 696 2306 presbyter,
725 2222 860 2286 Sanctus
887 2222 960 2285 Rex
988 2220 1133 2285 Oswinus
1164 2222 1299 2287 antistiti

154 2307 292 2392 Aydano
311 2331 428 2393 equum
448 2307 615 2392 optimum,
633 2307 746 2394 inquo
764 2308 819 2373 ille
835 2308 978 2396 quamvis
994 2309 1158 2373 ambulare
1173 2310 1296 2389 solitus,

151 2395 202 2457 vel
221 2395 361 2458 amnium
381 2397 502 2459 fluenta
524 2395 670 2472 transire,
686 2397 738 2460 vel
759 2396 786 2458 si
808 2398 916 2483 aliqua
937 2397 1109 2460 necessitas
1125 2396 1297 2477 insisteret,

150 2481 233 2545 viam
248 2505 403 2571 peragere
418 2496 537 2567 posset.
586 2482 649 2548 Cui
662 2506 735 2547 cum
746 2506 848 2567 parvo
863 2485 1033 2569 interjecto
1049 2497 1205 2568 tempore,
1220 2502 1299 2570 pau'·

147 2591 207 2652 per
221 2570 353 2655 quidam
372 2570 578 2634 elemosinam
600 2583 713 2654 petens
729 2585 923 2648 occurreret,
941 2570 1089 2634 desiliens
1104 2571 1158 2636 ille
1177 2595 1299 2656 praece-

148 2657 196 2740 pit
220 2680 337 2742 equum
365 2660 408 2721 ita
436 2670 471 2720 ut
499 2671 567 2721 erat
591 2671 708 2722 stratus
730 2659 892 2743 regaliter,
917 2657 1049 2742 pauperi
1072 2659 1161 2722 dare.
1219 2660 1299 2724 Erat
1374 2738 1379 2747 .

147 2743 233 2806 enim
250 2745 387 2808 multum
405 2743 583 2808 misericors
598 2758 632 2808 et
651 2745 756 2810 cultor
771 2767 958 2830 pauperum,
976 2767 1013 2830 ac
1029 2745 1118 2808 velut
1133 2759 1225 2828 pater
1240 2748 1299 2810 mi-

93 2867 101 2881 ·
148 2852 304 2893 serarum.
353 2831 426 2894 Hoc
449 2853 522 2894 curn
545 2844 628 2894 esset
642 2831 712 2914 regi
732 2832 880 2908 relatum,
898 2831 1027 2895 dicebat
1045 2831 1207 2915 episcopo,
1225 2856 1299 2897 curn

147 2915 231 2980 forte
247 2917 299 2980 die
310 2917 446 3002 quidam
463 2917 632 3001 ingressuri
647 2931 751 2981 essent
763 2919 804 2982 ad
820 2918 999 3002 prandium,
1018 2927 1041 2958 ⁴⁴
1058 2918 1146 2991 Quid
1158 2920 1297 3000 voluisti,

147 3003 278 3068 domine
301 3005 445 3082 antisteS,
471 3027 590 3090 equum
613 3027 648 3068 re
672 3004 737 3068 ium
761 3028 858 3092 quern
882 3020 915 3069 te
936 3005 1151 3070 conveniebat
1178 3006 1297 3074 habere

148 3091 324 3176 proprium,
342 3092 475 3176 pauperi
497 3091 603 3157 dare?
682 3115 739 3155 um
761 3093 839 3179 quid
862 3116 926 3157 non
948 3092 1116 3157 habuimus
1135 3116 1234 3182 equos
1250 3100 1298 3159 vi-

147 3179 242 3252 liores
258 3179 421 3263 plurimos,
438 3180 491 3244 vel
505 3179 581 3243 alias
597 3180 719 3264 species
734 3203 807 3267 quae
822 3181 864 3245 ad
879 3203 1056 3264 pauperum
1072 3182 1157 3246 dona
1172 3184 1296 3249 suffice-

147 3279 228 3343 rent,
245 3267 388 3353 quamvis
403 3266 493 3330 illum
509 3267 539 3331 ei
555 3290 619 3330 non
634 3268 738 3346 dares,
756 3291 850 3354 quem
863 3268 922 3331 tibi
937 3267 1117 3352 specialiter
1132 3270 1297 3353 possiden-

141 3353 224 3416 dum
246 3354 330 3438 elegi
341 3356 377 3419 ?’'
412 3354 478 3418 cui
502 3355 609 3418 statim
632 3354 822 3440 episcopus3
849 3367 870 3396 “
886 3355 974 3428 Quid
1003 3355 1161 3442 loqueris’'
1192 3357 1295 3444 inquit

148 3451 171 3481 “
184 3443 269 3506 rex?
292 3464 369 3504 num
392 3441 449 3505 tibi
472 3442 575 3506 carior
598 3456 647 3507 est
669 3442 723 3507 ille
746 3443 829 3507 filius
852 3466 946 3528 equae
969 3465 1063 3529 quarn
1080 3443 1163 3507 filius
1181 3445 1245 3509 Dei
1257 3449 1293 3511 ?''

151 3527 276 3600 Quibus
300 3528 404 3605 dictis,
422 3527 583 3594 intrabant
598 3531 640 3594 ad
655 3530 834 3613 prandium,
852 3547 886 3594 et
902 3529 1069 3614 episcopus
1085 3531 1226 3618 quidem,
1244 3557 1295 3597 re-

143 3615 272 3679 sidebat
295 3615 328 3678 in
349 3615 424 3679 loco
445 3638 515 3680 suo.
564 3616 666 3680 Porro
688 3640 748 3682 rex
768 3630 903 3681 venerat
927 3617 969 3680 de
992 3633 1121 3696 venatu,
1139 3633 1172 3684 et
1195 3621 1293 3706 coepit

145 3701 321 3767 consistens
347 3703 390 3767 ad
412 3702 523 3768 focum
549 3703 686 3768 calefieri
709 3727 781 3768 cnm
808 3704 969 3782 ministris,
995 3719 1029 3769 et
1053 3709 1188 3791 repente
1210 3708 1294 3773 iuter

144 3789 398 3855 calefaciendum
420 3791 590 3854 recordans
617 3792 750 3855 verbum
777 3792 864 3877 quod
887 3791 1015 3856 dixerat
1045 3792 1090 3856 illi
1113 3794 1291 3878 episcopus,

147 3875 296 3942 discinxit
308 3901 345 3942 se
360 3877 468 3962 gladio
483 3892 517 3942 et
533 3877 622 3942 dedit
638 3878 727 3942 illurn
739 3879 893 3956 ministro,
910 3877 1108 3967 festinusque
1122 3882 1291 3957 accedens,

146 3975 221 4028 ante
247 3965 346 4048 pedes
370 3965 511 4051 episcopi
538 3965 670 4041 corruit,
690 3967 854 4050 postulans
883 3980 917 4030 ut
943 3967 1003 4031 sibi
1028 3968 1171 4051 placatus
1195 3982 1292 4044 esset,

149 4059 171 4089 “
182 4050 257 4136 quia
272 4055 451 4138 nunquam’'
467 4052 572 4140 inquit
594 4053 779 4138 “deinceps
795 4048 908 4139 loquar
923 4054 963 4118 de
980 4054 1040 4116 hoe
1056 4067 1112 4118 aut
1125 4053 1291 4138 judicabo,

146 4137 225 4223 quid
239 4150 296 4201 aut
311 4153 464 4238 quantum
481 4140 522 4205 de
538 4139 672 4224 pecunia
692 4141 801 4204 nostra
819 4141 890 4204 filiis
911 4141 976 4205 Dei
995 4140 1145 4204 tribuas?
1195 4140 1295 4212 Quod

145 4223 257 4288 videns
277 4247 445 4311 episcopus
464 4228 600 4291 multum
619 4226 795 4311 pertimuit,
813 4250 850 4292 ac
868 4227 977 4291 statim
996 4249 1157 4310 exurgens
1175 4226 1295 4295 levavit

144 4334 230 4389 eum,
248 4311 439 4396 promittens
457 4337 491 4379 se
511 4314 649 4379 multum
671 4313 717 4377 illi
739 4337 808 4379 esse
831 4315 1003 4400 placatum,
1029 4313 1104 4376 dum
1128 4316 1226 4381 modo
1242 4317 1296 4383 ille

141 4399 286 4465 residens
303 4399 346 4465 ad
365 4401 477 4486 epulas
493 4401 655 4468 tristitiam
671 4401 865 4551 dep30neret;
879 4423 1019 4486 cumque
1035 4422 1093 4464 rex
1109 4403 1245 4488 jubente
1261 4430 1298 4499 ac

689 4511 709 4551 s
