2888 5018
472 440 582 488 nuols
610 440 829 489 ouruouuu.
1178 426 1227 491 Q5

67 600 312 687 gratulabunda
325 595 369 663 'ad
384 599 580 664 mansionem
596 600 665 687 quis
688 625 729 664 uc
745 624 836 666 suam
851 601 967 665 reverti
983 602 1149 681 haberent,
1166 603 1226 666 hu-

63 687 213 775 jusmodi
229 686 417 750 miraculum
432 687 567 770 contigit
581 687 663 764 fieri,
681 710 699 750 a
718 689 808 752 nobis
827 701 990 774 utcunque
1008 690 1224 754 referendum.

73 775 220 850 Quidam
235 773 333 858 igitur
347 772 508 857 indigena,
521 773 576 859 qui
592 787 625 839 et
641 774 707 858 ipse
720 776 762 839 ad
780 775 985 840 festivitatem
1001 777 1225 843 devotissimus

70 863 259 937 advenerat,
278 860 410 924 domum
424 859 595 937 rediturus,
613 881 775 946 properat,
789 862 831 926 ad
846 862 952 925 locum
967 874 1086 946 praeter
1100 887 1226 929 monas·

72 948 192 1014 terium
207 946 339 1024 scilicet,
356 959 405 1010 est
420 946 505 1011 enim
520 946 563 1009 ibi
579 948 725 1031 planities
740 948 847 1012 herbis
860 949 1033 1012 admodum
1045 951 1096 1013 vel
1110 951 1226 1016 floscu-

70 1035 113 1103 lis
128 1036 215 1112 laeta,
228 1035 284 1098 ubi
299 1055 418 1120 equum
432 1056 525 1096 suum
541 1055 614 1097 cum
629 1034 697 1097 aliis
713 1049 897 1119 pascentem
913 1035 1087 1114 dimiserat,
1105 1038 1225 1102 eidem-

71 1145 137 1210 que
160 1121 336 1186 anteriores
351 1120 448 1204 pedes
465 1120 517 1207 (ut
539 1120 637 1183 moris
652 1121 717 1210 est)
743 1123 820 1186 torti
843 1122 1013 1186 viminibus
1035 1145 1076 1187 ue
1098 1125 1224 1209 longius

72 1209 261 1285 diverteret,
278 1209 414 1271 firmiter
439 1206 662 1291 praepedierat.
718 1209 829 1294 Equus
855 1231 930 1273 vero
957 1210 1034 1273 dum
1061 1211 1225 1276 uberiores

72 1296 190 1363 herbas
209 1293 349 1358 detonsis
365 1292 522 1378 prioribus
538 1293 627 1378 quasi
645 1294 805 1382 fugientes
821 1295 1024 1380 decerpendo
1043 1296 1135 1361 avide
1150 1319 1225 1381 pro-

71 1381 230 1470 sequitur,
252 1381 359 1444 subito
374 1379 438 1443 ruit
454 1379 495 1444 de
511 1380 654 1463 scopulo.
703 1381 783 1446 Ruit
797 1381 927 1468 inquam
945 1382 1003 1446 sed
1018 1383 1149 1460 eruitur,
1166 1387 1224 1450 sed

72 1471 116 1534 de
131 1469 223 1533 ruina
235 1491 300 1532 non
312 1468 451 1530 laeditur.
479 1467 510 1531 Ο
522 1468 637 1530 mirum
646 1467 834 1531 miraculum
846 1469 853 1533 l
880 1466 997 1554 Neque
1008 1469 1095 1532 enim
1106 1470 1224 1536 aminal

73 1556 154 1621 illud
169 1577 235 1619 non
246 1554 349 1617 solum
359 1553 478 1639 aliquid
490 1553 665 1637 pertulerat
675 1554 823 1632 laesionis,
836 1577 948 1618 verum
964 1557 1061 1620 etiam
1076 1579 1224 1623 securum

70 1655 182 1728 gratos
197 1663 277 1728 quos
293 1639 419 1708 indocte
435 1639 605 1726 quaesierat
619 1653 738 1727 pastus,
756 1664 852 1726 supra
865 1642 1028 1728 quoddam
1044 1643 1139 1727 ipsius
1155 1668 1225 1710 seo-

72 1729 141 1815 puli
156 1729 276 1792 labium
291 1727 323 1791 in
338 1749 426 1792 mare
442 1739 639 1810 protensum,
657 1729 820 1812 carpebat.
869 1729 975 1802 Quem
992 1753 1064 1794 cum
1076 1731 1224 1798 dominus

73 1817 145 1900 ejus
169 1814 252 1879 inter
274 1815 352 1878 alios
375 1834 560 1898 pascentem
583 1813 710 1877 minime
733 1815 936 1899 repperisset,
961 1828 1025 1880 stat
1047 1819 1223 1895 attonitus3

73 1925 112 1967 ae
127 1900 310 1985 diligentibs
329 1901 392 1965 huc
412 1900 486 1963 illuc
510 1923 550 1963 ue
571 1901 735 1986 requirens
755 1902 866 1978 oculis,
885 1900 976 1967 timet
992 1925 1031 1966 ne
1047 1901 1129 1967 forte
1145 1905 1224 1969 dum

71 1987 231 2073 colligatis
246 1987 381 2071 pedibus
397 1987 439 2051 ad
453 1923 583 2050 inderius
599 2001 769 2071 prospecta
779 1987 860 2052 male
872 1988 1082 2053 descenderet
1093 2012 1222 2073 pascua,

72 2077 181 2161 lapsus
197 2074 238 2138 ad
253 2074 317 2137 ima
327 2073 472 2159 perisset.
515 2073 597 2137 Sunt
608 2096 745 2158 namque
758 2075 812 2151 ibi,
825 2087 861 2137 ut
874 2075 1085 2140 nescientibus
1098 2077 1222 2163 loquar,

71 2162 198 2248 scopuli
220 2161 374 2238 altissimi,
394 2159 590 2223 horribiliter
612 2160 732 2223 ruinosi
754 2174 788 2224 et
810 2161 912 2224 ardui.
961 2162 1096 2227 Accedit
1112 2163 1220 2248 igitur,

71 2263 108 2314 et
123 2248 166 2312 ad
181 2249 290 2316 infima
309 2247 538 2312 tremebundus
554 2259 587 2309 et
606 2247 718 2310 anxius
734 2248 915 2331 speculator
930 2248 1117 2334 despiciens,
1135 2251 1223 2316 videt

72 2357 195 2424 equum
216 2357 312 2419 super
334 2334 453 2398 molem
474 2332 633 2421 quandam
656 2345 693 2397 ut
714 2334 853 2418 praemisi
874 2347 1022 2414 stantem,
1047 2351 1082 2401 et
1104 2339 1225 2403 nullam

73 2422 207 2487 omnino
226 2433 324 2485 tautae
342 2421 444 2484 ruinoe
460 2442 587 2504 passum
603 2421 777 2484 laesionem.
826 2421 901 2495 Quo
917 2423 995 2501 viso,
1015 2424 1149 2488 miratur
1171 2450 1224 2492 ve-

74 2510 246 2574 hementer
265 2521 299 2572 et
314 2507 414 2583 dolet,
431 2506 544 2571 videns
560 2507 645 2571 enim
664 2509 905 2594 quadrupedem
921 2532 1013 2574 suum
1029 2512 1141 2595 procul
1156 2511 1174 2575 a
1189 2536 1223 2578 se

74 2597 109 2660 in
133 2595 264 2659 immani
286 2593 465 2678 praecipitio
488 2593 674 2677 sepositum,
700 2595 875 2659 rehabendi
902 2595 1029 2680 penitirs
1048 2598 1224 2664 humanum

73 2683 226 2767 desperat
247 2681 414 2746 auxilium.
462 2680 545 2744 Mox
568 2680 665 2764 igitur
687 2681 823 2758 rediens,
847 2683 889 2745 ad
912 2705 945 2746 se
969 2681 1017 2744 vir
1035 2684 1112 2747 talia
1126 2686 1222 2750 fatur.

76 2779 101 2811 “
112 2770 204 2834 Deus
219 2767 432 2852 omnipotens,
452 2767 527 2852 quia
542 2767 589 2830 tui
605 2767 700 2831 solius
720 2781 769 2831 est
784 2767 891 2831 omnia
908 2791 1011 2851 posse,
1029 2769 1129 2834 redde
1144 2771 1224 2835 mihi

73 2878 206 2944 equum,
226 2855 360 2920 restitue
375 2853 451 2917 mihi
465 2855 649 2937 jumentum
667 2855 803 2917 meum.’'
852 2854 895 2919 Et
913 2876 1083 2918 conversus
1098 2857 1140 2919 ad
1155 2878 1224 2920 mo·

75 2943 260 3020 nasterium‚
282 2941 459 3006 vociferans
479 2941 549 3004 haec
572 2941 721 3015 dicebat3
747 2940 903 3004 “Sancte
931 2941 1069 3019 Oswine,
1097 2942 1225 3028 Martyr

77 3029 144 3095 Dei
166 3029 320 3114 preciose,
344 3049 492 3091 succurre
515 3027 592 3090 mihi
614 3027 721 3104 hodie,
746 3038 780 3091 et
802 3027 990 3091 meritorum
1012 3041 1140 3096 tuorum
1159 3031 1224 3094 suf-

75 3115 196 3201 fragiis,
203 3138 322 3203 equum
336 3137 443 3179 meum
458 3115 499 3177 ab
515 3113 584 3177 imis
596 3112 746 3184 revocas
757 3113 899 3198 periculo
912 3115 1022 3179 mortis
1032 3115 1224 3182 imminentis

75 3204 188 3269 libera.
225 3204 280 3267 Tu
295 3202 463 3289 siquidem,
484 3201 585 3266 Beate
600 3202 737 3290 Martyr,
755 3224 830 3265 eum
842 3201 956 3266 meriti)
965 3202 1065 3267 habes
1076 3204 1223 3282 reddere,

76 3303 145 3359 ate
167 3290 256 3355 illum
277 3288 416 3375 requiro,
439 3310 536 3375 quem
550 3289 593 3353 ad
611 3288 720 3352 limina
740 3301 796 3353 tua
814 3290 857 3352 ob
878 3289 1034 3353 honorem
1053 3293 1224 3373 geminatoe

77 3377 200 3441 laetitiae
218 3375 427 3440 sollennitatis
446 3376 582 3439 devotus
601 3376 810 3440 adduxeram.
837 3376 902 3439 Fac
920 3375 1016 3459 igitur
1036 3391 1069 3442 et
1089 3379 1224 3442 extrahe

74 3464 295 3550 potentialiter
315 3485 451 3540 sursum,
471 3485 566 3548 quem
585 3476 709 3527 constat
734 3463 795 3526 tuis
816 3461 936 3526 meritis
951 3461 1035 3526 inter
1049 3466 1227 3548 pendentes

78 3552 226 3636 scopulos
241 3550 430 3614 mirabiliter
444 3572 513 3612 esse
525 3562 695 3613 retentum.
735 3548 898 3635 Alioquin,
910 3548 1007 3612 tristis
1019 3550 1116 3616 hodie
1129 3554 1224 3630 vado,

71 3640 143 3724 jam
154 3661 220 3701 non
231 3637 376 3722 amplius,
388 3636 475 3722 quod
487 3637 543 3700 tub
551 3658 629 3721 paee
640 3636 787 3712 dixerim,
800 3636 842 3700 ad
854 3648 910 3700 tua
920 3635 1226 3722 festaregressurus‚

77 3748 139 3791 nec
162 3726 302 3791 electum
325 3724 391 3788 Dei
417 3735 450 3787 te
475 3723 656 3809 Martyrem
683 3724 832 3807 deinceps
858 3722 1087 3806 professurus.’'
1144 3726 1226 3791 Haec

78 3824 187 3877 autem
199 3812 255 3875 illo
276 3810 460 3894 simpliciter
477 3823 702 3897 prosequente,
723 3809 905 3873 videntibus
924 3810 1030 3874 multis
1046 3813 1100 3899 qui
1116 3813 1227 3877 audito

77 3921 120 3964 eo
132 3899 207 3962 illuc
222 3910 437 3974 accurrerant,
458 3910 491 3961 et
507 3919 591 3996 equo
607 3896 735 3960 funibus
756 3895 879 3981 injectis
894 3896 1013 3962 frustra
1028 3899 1160 3963 subveni
1180 3898 1228 3961 ui·

78 3986 243 4063 tebantur‚
263 4008 365 4071 equus
388 3984 442 4047 ille
464 4006 572 4048 nescio
595 4007 661 4069 quo
683 3983 837 4047 indicibili
859 3985 958 4049 modo
980 3987 1033 4049 vel
1051 3984 1174 4059 ordine,
1191 3997 1228 4047 ut

80 4087 148 4138 erat
163 4072 288 4136 vinctus
303 4071 411 4157 pedes,
429 4071 471 4134 ad
483 4071 648 4155 superiora
657 4084 835 4148 revocatus,
851 4084 883 4137 et
895 4071 1026 4136 domino
1041 4093 1099 4136 suo
1110 4070 1229 4133 illaesus

78 4159 224 4225 redditus
246 4170 321 4222 est.
357 4158 432 4231 Quo
454 4169 596 4242 recepto,
620 4158 730 4222 laudes
753 4170 785 4223 et
808 4158 920 4243 gratiae
944 4158 1019 4224 Deo
1046 4158 1228 4244 Sanctoque

82 4245 222 4333 Martyri
237 4247 278 4312 ab
294 4244 447 4311 universis
463 4244 724 4329 multiplicantur.
