2888 5018
299 1156 520 1241 INCIPIT
550 1153 688 1235 VITA
721 1151 934 1231 SANOTI
974 1147 1139 1230 EATAE

390 1354 816 1424 HAUGUSTALDENSIS
837 1353 1041 1417 EPISGOPI.

527 1622 946 1642 w

206 1901 311 1966 Auuo
338 1899 379 1965 ab
405 1899 630 1966 incarnacione
670 1899 804 1964 Domini
842 1897 944 1964 nostri
970 1895 1048 1961 Jesu
1080 1892 1202 1960 Christi
1231 1913 1287 1960 uc.

146 2012 269 2068 xxxur,
291 1989 459 2055 interfecto
476 1988 509 2054 in
532 2013 643 2078 pugna
664 1987 830 2076 Eadwyno
846 2010 924 2074 rege
948 1983 1288 2070 Northanymbrorum

145 2079 353 2156 nobilissimo,
370 2079 509 2163 suscepit
523 2100 583 2163 pro
605 2076 661 2141 illo
677 2099 813 2161 regnum
830 2074 1052 2141 Berniciorum
1066 2074 1152 2138 filius
1176 2071 1289 2138 Ethel-

145 2167 237 2244 fridi3
261 2168 317 2254 qui
339 2167 380 2231 de
395 2165 450 2230 illa
471 2167 635 2251 provincia
650 2167 779 2254 generis
795 2178 827 2230 et
850 2165 943 2252 regni
958 2162 1114 2248 originem
1138 2160 1286 2238 duxerat,

146 2260 276 2320 nomine
308 2253 491 2321 Eanfridus
543 2254 720 2343 Siquidem,
756 2267 902 2338 tempore
931 2264 1012 2330 tot0,
1051 2272 1115 2338 quo
1142 2246 1290 2338 regnavit

146 2346 323 2431 EdwynuS,
337 2342 394 2407 filii
410 2343 536 2427 praelati
551 2344 636 2431 regis
660 2341 846 2420 Ethelfridi,
863 2343 1004 2429 quiante
1020 2338 1110 2404 illurn
1133 2359 1289 2422 regnave-

145 2447 205 2510 rat,
232 2455 304 2498 cum
329 2453 444 2520 magna
468 2430 624 2496 nobilium
640 2430 810 2516 juventute
826 2429 913 2516 apud
931 2431 1060 2495 Scottos
1088 2427 1154 2494 sive
1179 2424 1288 2491 Pictos

146 2521 339 2597 exulabant3
355 2521 463 2608 ibique
478 2521 519 2586 ad
532 2521 711 2585 doctrinam
729 2521 915 2586 Scottorum
930 2518 1094 2584 catezizati
1121 2529 1153 2581 et
1167 2514 1290 2600 baptis-

143 2609 237 2674 matis
252 2611 355 2698 gratia
370 2620 444 2673 suut
460 2609 572 2689 renati.
624 2607 689 2683 Qui
705 2621 750 2686 ut,
763 2623 892 2674 mortuo
908 2629 983 2690 rege
1000 2605 1139 2682 inimicO,
1152 2602 1289 2688 patriam

145 2711 219 2761 sunt
245 2698 350 2760 redire
372 2696 539 2782 permissi3
563 2719 600 2761 ac
624 2699 708 2780 cepit
730 2696 851 2781 primus
882 2716 1003 2771 corum,
1028 2714 1123 2780 quem
1146 2691 1287 2755 diximus

145 2784 331 2861 Eanfridus,
347 2806 484 2868 regnum
501 2783 731 2849 Berniciorum.
783 2783 859 2861 Qui,
877 2795 912 2847 ut
928 2784 1047 2847 terreni
1063 2778 1157 2864 regni
1171 2778 1287 2844 infulas

145 2872 275 2938 sortitus
302 2884 361 2949 est,
385 2885 582 2936 sacramenta
608 2870 744 2936 coelestis
766 2873 868 2956 regni,
896 2871 1013 2958 quibus
1037 2869 1183 2935 iniciatus
1207 2879 1287 2946 erat,

145 2960 446 3028 anathematizando
460 2960 621 3046 perdidit3
645 2983 682 3024 ac
697 2983 730 3024 se
745 2959 857 3045 priscis
881 2958 1038 3024 idolatriae
1055 2957 1203 3022 sordibus
1219 2956 1291 3042 pol-

145 3052 300 3116 luendum
314 3049 579 3136 perdendumque
588 3047 736 3116 restituit.
785 3047 856 3113 Nec
870 3069 979 3112 mora:
1007 3047 1080 3112 Rex
1093 3045 1289 3119 Brittonum,

150 3139 342 3216 ceadwalla,
360 3139 449 3203 illum
462 3139 561 3224 Impia
575 3161 672 3202 manu
689 3136 746 3202 sed
763 3136 853 3223 justa
875 3135 1003 3200 ulcione
1017 3136 1165 3221 peremit.
1212 3133 1290 3209 Quo

148 3229 264 3308 occiso,
281 3228 379 3294 frater
394 3229 472 3314 ejuS,
495 3228 542 3291 vir
559 3225 794 3306 Deo'dilectuS,
811 3224 991 3302 Oswaldus,
1015 3222 1197 3299 adveniens,
1215 3243 1290 3286 cum

146 3339 245 3402 parvo
271 3318 403 3404 quidem
436 3316 591 3395 exercitu,
630 3316 687 3381 sed
713 3316 779 3380 lide
803 3313 927 3380 Christi
957 3310 1090 3390 munito,
1121 3310 1290 3374 infandum

152 3406 337 3470 Brittonum
360 3428 480 3494 regem,
496 3405 602 3469 fratris
625 3406 676 3470 sui
691 3403 940 3480 interfectorem,
957 3423 1031 3465 cum
1052 3400 1205 3464 inmensis
1227 3399 1291 3464 illis

150 3495 260 3578 copiis,
277 3494 393 3578 quibus
417 3492 461 3553 nil
482 3491 628 3558 resistere
642 3515 738 3577 posse
755 3492 909 3575 jactabat,
935 3488 1069 3565 delevit3
1093 3510 1291 3577 regnumque

151 3580 373 3645 Berniciorum
384 3575 540 3679 simulque
557 3579 742 3657 Deirorum,
754 3579 830 3642 Deo
842 3592 963 3656 autore,
975 3575 1111 3663 adeptus
1124 3590 1184 3642 est.
1211 3577 1289 3655 Qui,

149 3670 206 3733 ubi
221 3690 355 3755 regnum
371 3673 519 3751 suscepit,
536 3665 720 3732 desiderans
736 3679 849 3745 totam,
866 3666 917 3730 cui
938 3687 1075 3751 praeesse
1087 3667 1196 3752 coepit,
1212 3689 1292 3755 gen-

150 3771 224 3834 tem,
241 3756 317 3820 fidei
334 3754 526 3820 Christianae
541 3753 645 3843 gratia
660 3753 770 3833 imbui,
788 3753 878 3819 misit¹
896 3754 937 3818 ad
952 3756 1088 3842 majores
1104 3768 1184 3820 natu
1200 3758 1292 3819 Scot-

150 3858 268 3922 torum,
294 3843 451 3930 aquibus
476 3845 543 3929 ipse
569 3842 701 3907 exulans
728 3841 904 3928 baptizatus
926 3855 1006 3922 erat,
1031 3857 1146 3930 petens
1169 3855 1205 3907 ut
1230 3840 1291 3906 sibi

149 3932 330 3997 mitteretur
344 3931 487 4011 antistes,
504 3934 595 4019 cujus
604 3931 753 3997 doctrina
763 3953 800 3995 ac
815 3930 989 3998 ministerio
1000 3954 1079 4018 gens
1096 3930 1290 4020 Anglorum,

151 4042 248 4107 quam
262 4022 404 4108 regebat,
429 4020 612 4086 Dominicae
627 4019 703 4085 fidei
726 4033 924 4085 sacramenta
946 4023 1131 4106 susciperet.
1177 4017 1292 4107 Neque

153 4107 316 4195 aliquanto
347 4107 477 4187 tardius,
500 4111 587 4197 quod
614 4107 721 4196 peciit,
752 4107 946 4193 impetravit.
993 4109 1127 4193 Accepit
1153 4130 1292 4195 namque

153 4197 339 4282 pontilicem
353 4196 533 4284 Aydanum,
546 4220 680 4263 summae
689 4196 941 4262 mansuetudinis
951 4212 984 4264 et
996 4196 1123 4281 pictatis
1135 4219 1173 4260 ac
1182 4197 1293 4261 mode-

153 4283 283 4350 raminis
313 4287 427 4363 virum,
445 4288 497 4349 cui
520 4287 562 4352 ad
587 4311 621 4352 se
646 4287 787 4352 venienti
807 4306 866 4350 rex
894 4284 1062 4350 Oswaldus
1083 4283 1191 4350 locum
1209 4285 1293 4348 sedis

153 4373 342 4463 episcopalis
364 4373 397 4440 in
419 4374 523 4440 insula
545 4373 811 4456 Lindislarncnsi,
836 4372 890 4442 ubi
911 4374 982 4463 ipse
1004 4372 1144 4462 petebat,
1169 4370 1291 4450 tribuit,

711 4483 739 4530 M
