2888 5018
152 338 202 430 78
529 354 721 410 urrunnun
747 357 799 408 na
826 357 927 408 narn

151 538 226 592 cum
250 512 403 588 lanceolis
429 522 503 586 lsinc
527 535 559 587 et
584 518 659 585 inde
683 534 853 585 accurrunt
887 534 921 585 et
944 519 1113 588 innocuam
1132 526 1291 595 mulierem

152 611 353 678 transfodere
375 631 412 674 ac
435 608 581 675 occidere
605 609 801 673 festinarunt.
853 566 943 673 ldem
968 616 1046 694 pder
1067 615 1207 689 intuens,
1224 640 1293 682 mox

151 703 193 764 ad
220 721 309 763 arma
335 697 486 763 orationis
512 695 719 773 convertitur,
745 708 778 760 et
801 696 979 760 Dominum
1003 718 1062 783 pro
1086 705 1292 770 tantaecladis

152 786 278 852 miseria
293 786 451 861 evitanda,
469 785 678 870 supplicando
694 784 895 849 devotissime
912 785 1115 870 deprecatur.
1166 791 1211 856 Et
1226 795 1293 880 quia

153 874 300 959 precibus
326 873 556 958 postulantium
583 871 647 935 Dei
674 870 845 935 clementia
870 872 981 936 abesse
1004 897 1071 938 non
1086 878 1204 957 renuit,
1222 882 1292 946 dum

150 962 233 1026 alter
248 961 339 1025 alteri
355 983 523 1025 occurrere
540 959 664 1035 debuit,
680 961 802 1023 socium
818 959 876 1023 sibi
890 961 1020 1025 obvium
1031 976 1064 1027 et
1076 984 1293 1034 occursantem

151 1063 284 1134 repente
300 1047 453 1112 confodit.
497 1047 613 1131 Sicque
629 1040 674 1109 llli
687 1036 750 1110 ti'es
760 1044 792 1108 iit
807 1046 942 1110 liivicem
954 1050 1092 1113 confossi
1103 1058 1291 1135 occubuere,

152 1151 186 1202 et
212 1137 243 1199 in
270 1150 431 1200 momento
457 1135 531 1198 Deo
555 1133 678 1197 vindice
703 1133 833 1218 periere.
881 1138 969 1199 Area
984 1137 1102 1202 deinde
1119 1145 1294 1227 composita

152 1226 318 1289 sarmentis
343 1228 553 1308 undecunque
576 1221 731 1298 collectis,
754 1236 787 1286 et
811 1225 842 1285 in
864 1224 968 1287 acervi
986 1248 1107 1290 morem
1125 1235 1291 1318 congestis,

154 1333 231 1376 mox
254 1315 360 1395 ignem
385 1311 425 1374 de
438 1309 524 1374 silice
541 1331 691 1393 percusso
707 1309 846 1387 eliciunt,
861 1324 893 1374 et
908 1311 1045 1376 incensis
1062 1337 1292 1385 sarmentorum

151 1399 308 1484 ligneolis,
325 1421 358 1463 se
374 1398 596 1464 calefecerunt.
646 1397 797 1483 Miroque
814 1398 948 1486 contigit
966 1403 1063 1464 modo
1081 1421 1151 1470 uta
1167 1409 1292 1487 dieilla,

152 1509 190 1551 ac
217 1486 379 1570 deinceps,
405 1509 505 1574 usqne
528 1484 560 1549 in
578 1485 765 1549 hodiernum
783 1485 879 1564 diem,
893 1509 968 1552 area
983 1487 1051 1573 ipsa
1067 1491 1216 1576 ligneolis
1233 1497 1292 1563 sive

152 1574 322 1640 sarmentis
345 1573 598 1659 superimpositis
622 1590 678 1654 per
700 1596 733 1637 se
751 1574 807 1639 fiat
823 1575 995 1658 ignivoma,
1013 1600 1110 1663 quam
1125 1579 1242 1649 incolae
1257 1607 1294 1650 ex

151 1660 268 1728 melito
291 1665 382 1747 pueri
403 1663 489 1729 illius
511 1660 694 1748 provenisse
708 1660 878 1727 affirmant.

594 1970 713 2051 [uAe.
730 1966 843 2056 xxa]

194 2188 240 2261 m
256 2194 368 2271 mater,
386 2193 504 2257 exinde
519 2194 711 2277 procedens,
726 2215 799 2257 cum
809 2195 849 2259 ad
863 2196 941 2259 fines
955 2197 1073 2264 Scotiae
1087 2206 1292 2287 pervenisset,

154 2284 289 2350 Sanctus
314 2281 475 2346 Columba
496 2276 618 2366 primns
641 2283 809 2365 episcopus
832 2282 863 2345 in
882 2283 1014 2350 Duukel
1037 2310 1174 2372 puerum
1191 2290 1293 2361 stt'sce·

151 2374 207 2457 Pit·
232 2380 357 2522 bnatpte
381 2381 453 2431 'cunt
480 2368 620 2452 puellula
634 2368 782 2518 spadam,
800 2371 931 2435 nomine
946 2374 1087 2462 Brigida,
1105 2397 1148 2442 ex
1167 2381 1292 2469 Hybet-

151 2460 204 2523 nla
232 2452 368 2522 driulda
396 2455 535 2532 retinuit,
562 2471 595 2520 et
621 2456 816 2543 aiqnamdiu
842 2459 999 2526 educavit.
1058 2465 1207 2533 Tandem
1234 2486 1293 2536 tres

149 2547 303 2611 australes
327 2543 433 2609 clerici
459 2544 500 2607 de
526 2543 656 2628 regione
684 2544 873 2632 Anglorum,
901 2550 954 2635 qui
982 2550 1015 2614 in
1031 2554 1176 2619 excubiis
1192 2580 1292 2623 seere-

149 2631 284 2698 tioribus
316 2631 475 2718 Episcopo
500 2632 727 2709 deservierant,
753 2633 859 2716 pueris
884 2634 960 2720 ipsis
987 2641 1030 2702 ob
1053 2639 1291 2711 familiariorem

148 2720 270 2804 dotttlni
291 2718 339 2786 su'i
386 2721 499 2785 ratlam
516 2719 657 2784 insidiari
673 2737 710 2784 ac
726 2721 869 2786 invidere
886 2746 949 2788 non
966 2725 1167 2801 desinebant.
1216 2728 1292 2800 Erat

147 2809 246 2893 igltttr
257 2800 416 2899 praedicto
432 2807 592 2893 Episcopo
601 2810 678 2885 avis,
694 2808 789 2897 vulgo
800 2811 921 2875 merula
932 2829 1055 2892 vocata,
1066 2838 1140 2902 qnae
1154 2820 1292 2887 hnmano

147 2898 387 2984 qub'damm'bdo
413 2895 539 2972 edocta,
565 2896 711 2960 omnibus
737 2920 808 2960 eam
837 2921 976 2983 pascere,
1003 2906 1217 2985 contrectare,
1243 2911 1290 2975 vel

147 2985 277 3071 palpate
299 2985 489 3060 volentibus,
507 2997 576 3047 erat
592 2984 802 3068 pacatissima,
820 2986 1005 3067 domestica,
1023 3010 1060 3054 ac
1076 2997 1292 3061 mansuetissi-

147 3080 210 3138 mil:
268 3072 320 3136 Ex
344 3082 408 3160 'q'na
431 3070 597 3135 occasione
628 3088 795 3157 concepta,
824 3074 968 3139 clanculo
999 3079 1154 3146 aviculam
1186 3085 1291 3150 clerici

146 3160 322 3246 persides&
346 3160 507 3245 ipsiusque
531 3172 644 3223 necem
667 3161 773 3244 pneris
789 3183 862 3225 cum
879 3165 1082 3231 accusatione
1099 3171 1291 3258 nequissima

145 3248 338 3334 imposuere.
395 3247 490 3311 Pueri
518 3269 594 3310 vero
619 3247 797 3311 adinvicem
823 3251 938 3328 moesti,
962 3253 1082 3318 lacinus
1107 3256 1289 3343 impositum

145 3336 361 3420 abnegabant.
408 3333 584 3419 Episcopus
608 3348 715 3399 tamen
738 3335 812 3399 satis
829 3336 960 3402 istorum
974 3343 1125 3424 cognovit
1140 3346 1290 3412 innocen·

146 3423 243 3506 tiam..
258 3437 292 3486 et
307 3422 443 3486 aliorum
460 3445 537 3507 erga
553 3423 622 3486 illos
640 3424 823 3508 nequitiam,
837 3445 893 3487 nec
907 3440 1014 3490 tamen
1030 3429 1109 3494 alios
1125 3433 1194 3496 aliis
1211 3457 1290 3518 prae·

145 3533 266 3596 ponere
277 3510 389 3587 voluit,
404 3511 460 3574 sed
472 3511 734 3575 contendentium
745 3511 864 3594 probra
876 3513 1069 3579 conticendo
1082 3523 1287 3606 compescuit.

145 3597 219 3662 Tali
235 3600 444 3662 accusationis
461 3599 593 3662 crimine
608 3595 699 3681 pueri
716 3596 747 3660 in
764 3620 797 3660 se
813 3598 948 3678 colrfusi,
966 3603 1007 3666 ad
1022 3609 1289 3689 expostulandam

144 3685 280 3751 Domini
304 3708 445 3771 superse
465 3687 675 3761 clementiam,
694 3684 832 3748 exanimi
855 3700 925 3751 toto
940 3692 1108 3758 conamine
1125 3711 1199 3760 sunt
1215 3720 1288 3761 con-

145 3775 237 3838 versi.
285 3772 382 3838 Unde
406 3773 439 3838 in
463 3775 624 3858 presentia
641 3768 793 3857 Episcopi
810 3774 916 3858 positi,
934 3796 1012 3861 puer
1031 3781 1230 3853 Cuthbertus
1245 3787 1290 3850 ita

145 3862 186 3927 ad
211 3862 319 3927 mum
344 3863 476 3947 perfusis
500 3860 647 3946 precibus
671 3876 804 3923 exorsus
820 3879 877 3927 est.
926 3874 948 3906 “
965 3867 1028 3945 Tu,
1048 3871 1150 3949 Deus,
1168 3875 1289 3939 consci-

144 3949 302 4015 cattarum
319 3951 460 4014 omnium
478 3948 637 4031 lu'spector
652 3962 684 4010 et
699 3948 828 4026 arbiter,
846 3966 952 4016 utrum
966 3954 1022 4018 nos
1035 3956 1186 4024 facinoris
1199 3961 1288 4046 hujus

142 4037 295 4104 fuetllitits
311 4046 511 4112 'executores;
525 4035 567 4097 da
582 4033 733 4098 indicium
752 4050 815 4100 tuae
832 4039 1077 4122 magnificentiae
1093 4064 1129 4111 uc
1143 4052 1288 4127 virtutis3

143 4116 281 4212 petllnu‘s
303 4132 339 4191 ut
353 4123 541 4212 quantocius
556 4123 665 4213 qualia
679 4124 937 4204 commeruimus,
953 4151 1038 4196 nunc
1054 4132 1195 4201 instante
1210 4137 1289 4203 horti

142 4204 376 4305 percipiamus}
400 4199 475 4297 qttla
496 4208 522 4272 sl
547 4222 652 4297 neque
676 4213 774 4277 talem
799 4234 939 4368 empnam
955 4223 1161 4308 concepimus
1176 4225 1290 4314 nequi·

142 4300 234 4384 tisun
256 4308 313 4368 tut
333 4290 491 4387 perficere
513 4292 770 4380 deliberavimus,
794 4300 853 4368 obs
873 4319 1000 4373 cramus
1013 4314 1063 4392 uti
1080 4312 1218 4380 dextera
1233 4326 1290 4380 tut
