<?xml version="1.0" encoding="UTF-8"?>
<!DOCTYPE html PUBLIC "-//W3C//DTD XHTML 1.0 Transitional//EN"
    "http://www.w3.org/TR/xhtml1/DTD/xhtml1-transitional.dtd">
<html xmlns="http://www.w3.org/1999/xhtml" xml:lang="en" lang="en">
 <head>
  <title>
</title>
<meta http-equiv="Content-Type" content="text/html;charset=utf-8" />
  <meta name='ocr-system' content='tesseract 3.04.00' />
  <meta name='ocr-capabilities' content='ocr_page ocr_carea ocr_par ocr_line ocrx_word'/>
</head>
<body>
  <div class='ocr_page' id='page_1' title='image "./miscellaneabiog00raingoog_0034.png"; bbox 0 0 2888 5018; ppageno 0'>
   <div class='ocr_carea' id='block_1_1' title="bbox 538 441 1312 505">
    <p class='ocr_par' dir='ltr' id='par_1_1' title="bbox 538 441 1312 505">
     <span class='ocr_line' id='line_1_1' title="bbox 538 441 1312 505; baseline 0.017 -13"><span class='ocrx_word' id='word_1_1' title='bbox 538 446 649 495; x_wconf 82' lang='lat' dir='ltr'>uusrs</span> <span class='ocrx_word' id='word_1_2' title='bbox 677 445 898 497; x_wconf 80' lang='lat' dir='ltr'>uuruouuu.</span> <span class='ocrx_word' id='word_1_3' title='bbox 1252 441 1312 505; x_wconf 82' lang='lat'>13.</span> 
     </span>
    </p>
   </div>
   <div class='ocr_carea' id='block_1_2' title="bbox 144 606 1301 2712">
    <p class='ocr_par' dir='ltr' id='par_1_2' title="bbox 144 606 1301 2712">
     <span class='ocr_line' id='line_1_2' title="bbox 144 606 1298 699; baseline 0.007 -26"><span class='ocrx_word' id='word_1_4' title='bbox 144 608 316 694; x_wconf 86' lang='lat' dir='ltr'>potuisset.</span> <span class='ocrx_word' id='word_1_5' title='bbox 364 606 564 672; x_wconf 85' lang='lat' dir='ltr'>Catervatim</span> <span class='ocrx_word' id='word_1_6' title='bbox 587 606 686 691; x_wconf 89' lang='lat' dir='ltr'>igitur</span> <span class='ocrx_word' id='word_1_7' title='bbox 709 607 749 672; x_wconf 93' lang='lat' dir='ltr'>de</span> <span class='ocrx_word' id='word_1_8' title='bbox 772 608 904 673; x_wconf 91' lang='lat' dir='ltr'>remotis</span> <span class='ocrx_word' id='word_1_9' title='bbox 928 609 1070 695; x_wconf 89' lang='lat' dir='ltr'>partibus</span> <span class='ocrx_word' id='word_1_10' title='bbox 1092 616 1298 699; x_wconf 86' lang='lat' dir='ltr'>populicum</span> 
     </span>
     <span class='ocr_line' id='line_1_3' title="bbox 146 693 1299 797; baseline 0.007 -37"><span class='ocrx_word' id='word_1_11' title='bbox 146 697 270 761; x_wconf 90' lang='lat' dir='ltr'>devoto</span> <span class='ocrx_word' id='word_1_12' title='bbox 285 695 435 782; x_wconf 89' lang='lat' dir='ltr'>episcopo</span> <span class='ocrx_word' id='word_1_13' title='bbox 458 695 500 759; x_wconf 93' lang='lat' dir='ltr'>ad</span> <span class='ocrx_word' id='word_1_14' title='bbox 519 693 627 758; x_wconf 87' lang='lat' dir='ltr'>locum</span> <span class='ocrx_word' id='word_1_15' title='bbox 643 694 775 760; x_wconf 90' lang='lat' dir='ltr'>veniunt</span> <span class='ocrx_word' id='word_1_16' title='bbox 797 709 917 761; x_wconf 69' lang='lat' dir='ltr'>sanctae</span> <span class='ocrx_word' id='word_1_17' title='bbox 932 699 1138 797; x_wconf 88' lang='lat' dir='ltr'>requietionis</span> <span class='ocrx_word' id='word_1_18' title='bbox 1155 727 1165 778; x_wconf 79' lang='lat'>3</span> <span class='ocrx_word' id='word_1_19' title='bbox 1190 703 1299 791; x_wconf 83' lang='lat' dir='ltr'>ibique</span> 
     </span>
     <span class='ocr_line' id='line_1_4' title="bbox 147 781 1298 868; baseline 0.006 -20"><span class='ocrx_word' id='word_1_20' title='bbox 147 785 358 848; x_wconf 77' lang='lat' dir='ltr'>concionante</span> <span class='ocrx_word' id='word_1_21' title='bbox 368 783 427 846; x_wconf 90' lang='lat' dir='ltr'>snb</span> <span class='ocrx_word' id='word_1_22' title='bbox 438 782 565 846; x_wconf 72' lang='lat' dir='ltr'>morosa</span> <span class='ocrx_word' id='word_1_23' title='bbox 574 781 747 846; x_wconf 85' lang='lat' dir='ltr'>devotione</span> <span class='ocrx_word' id='word_1_24' title='bbox 758 783 922 868; x_wconf 87' lang='lat' dir='ltr'>pontifice,</span> <span class='ocrx_word' id='word_1_25' title='bbox 934 786 1122 851; x_wconf 74' lang='lat' dir='ltr'>universitas</span> <span class='ocrx_word' id='word_1_26' title='bbox 1133 788 1298 855; x_wconf 91' lang='lat' dir='ltr'>hominum</span> 
     </span>
     <span class='ocr_line' id='line_1_5' title="bbox 149 868 1299 964; baseline 0.008 -30"><span class='ocrx_word' id='word_1_27' title='bbox 149 871 205 958; x_wconf 92' lang='lat' dir='ltr'>qni</span> <span class='ocrx_word' id='word_1_28' title='bbox 220 870 331 934; x_wconf 87' lang='lat' dir='ltr'>aderat</span> <span class='ocrx_word' id='word_1_29' title='bbox 346 868 490 954; x_wconf 90' lang='lat' dir='ltr'>praesulis</span> <span class='ocrx_word' id='word_1_30' title='bbox 499 869 630 932; x_wconf 90' lang='lat' dir='ltr'>hortatu</span> <span class='ocrx_word' id='word_1_31' title='bbox 646 882 806 952; x_wconf 90' lang='lat' dir='ltr'>prostrata</span> <span class='ocrx_word' id='word_1_32' title='bbox 822 884 870 935; x_wconf 91' lang='lat' dir='ltr'>est</span> <span class='ocrx_word' id='word_1_33' title='bbox 887 871 918 934; x_wconf 92' lang='lat' dir='ltr'>in</span> <span class='ocrx_word' id='word_1_34' title='bbox 931 873 1087 952; x_wconf 89' lang='lat' dir='ltr'>oratioue,</span> <span class='ocrx_word' id='word_1_35' title='bbox 1099 877 1299 964; x_wconf 85' lang='lat' dir='ltr'>gratiamque</span> 
     </span>
     <span class='ocr_line' id='line_1_6' title="bbox 150 955 1299 1043; baseline 0.007 -22"><span class='ocrx_word' id='word_1_36' title='bbox 150 956 334 1021; x_wconf 88' lang='lat' dir='ltr'>inveniendi</span> <span class='ocrx_word' id='word_1_37' title='bbox 349 956 464 1043; x_wconf 88' lang='lat' dir='ltr'>quibus</span> <span class='ocrx_word' id='word_1_38' title='bbox 483 955 624 1020; x_wconf 90' lang='lat' dir='ltr'>animum</span> <span class='ocrx_word' id='word_1_39' title='bbox 640 957 807 1042; x_wconf 85' lang='lat' dir='ltr'>quaereudi</span> <span class='ocrx_word' id='word_1_40' title='bbox 817 958 997 1042; x_wconf 90' lang='lat' dir='ltr'>preciosum</span> <span class='ocrx_word' id='word_1_41' title='bbox 1013 961 1197 1026; x_wconf 90' lang='lat' dir='ltr'>thesaurum</span> <span class='ocrx_word' id='word_1_42' title='bbox 1208 965 1299 1029; x_wconf 91' lang='lat' dir='ltr'>Deus</span> 
     </span>
     <span class='ocr_line' id='line_1_7' title="bbox 150 1043 1299 1136; baseline 0.005 -26"><span class='ocrx_word' id='word_1_43' title='bbox 150 1045 295 1121; x_wconf 86' lang='lat' dir='ltr'>dederat,</span> <span class='ocrx_word' id='word_1_44' title='bbox 312 1043 453 1107; x_wconf 90' lang='lat' dir='ltr'>unanimi</span> <span class='ocrx_word' id='word_1_45' title='bbox 476 1054 594 1126; x_wconf 90' lang='lat' dir='ltr'>rogant</span> <span class='ocrx_word' id='word_1_46' title='bbox 616 1043 808 1127; x_wconf 87' lang='lat' dir='ltr'>precamine.</span> <span class='ocrx_word' id='word_1_47' title='bbox 867 1045 1027 1130; x_wconf 89' lang='lat' dir='ltr'>Surgente</span> <span class='ocrx_word' id='word_1_48' title='bbox 1050 1047 1158 1135; x_wconf 91' lang='lat' dir='ltr'>itaque</span> <span class='ocrx_word' id='word_1_49' title='bbox 1178 1054 1299 1136; x_wconf 92' lang='lat' dir='ltr'>populo</span> 
     </span>
     <span class='ocr_line' id='line_1_8' title="bbox 148 1129 1298 1214; baseline 0.007 -18"><span class='ocrx_word' id='word_1_50' title='bbox 148 1133 191 1196; x_wconf 91' lang='lat' dir='ltr'>ab</span> <span class='ocrx_word' id='word_1_51' title='bbox 206 1131 363 1208; x_wconf 87' lang='lat' dir='ltr'>oratione,</span> <span class='ocrx_word' id='word_1_52' title='bbox 380 1130 516 1194; x_wconf 91' lang='lat' dir='ltr'>ministri</span> <span class='ocrx_word' id='word_1_53' title='bbox 531 1129 649 1194; x_wconf 87' lang='lat' dir='ltr'>adhoc</span> <span class='ocrx_word' id='word_1_54' title='bbox 665 1131 811 1214; x_wconf 89' lang='lat' dir='ltr'>deputati</span> <span class='ocrx_word' id='word_1_55' title='bbox 826 1131 859 1194; x_wconf 92' lang='lat' dir='ltr'>in</span> <span class='ocrx_word' id='word_1_56' title='bbox 871 1133 1013 1198; x_wconf 75' lang='lat' dir='ltr'>oratorio</span> <span class='ocrx_word' id='word_1_57' title='bbox 1028 1136 1172 1200; x_wconf 88' lang='lat' dir='ltr'>ecclesiae</span> <span class='ocrx_word' id='word_1_58' title='bbox 1187 1138 1298 1203; x_wconf 85' lang='lat' dir='ltr'>fodere</span> 
     </span>
     <span class='ocr_line' id='line_1_9' title="bbox 148 1217 1299 1305; baseline 0.006 -23"><span class='ocrx_word' id='word_1_59' title='bbox 148 1232 296 1303; x_wconf 90' lang='lat' dir='ltr'>satagunt</span> <span class='ocrx_word' id='word_1_60' title='bbox 310 1241 320 1294; x_wconf 92' lang='lat'>;</span> <span class='ocrx_word' id='word_1_61' title='bbox 344 1230 378 1281; x_wconf 89' lang='lat' dir='ltr'>et</span> <span class='ocrx_word' id='word_1_62' title='bbox 394 1240 488 1281; x_wconf 91' lang='lat' dir='ltr'>omne</span> <span class='ocrx_word' id='word_1_63' title='bbox 504 1230 631 1301; x_wconf 90' lang='lat' dir='ltr'>tempus</span> <span class='ocrx_word' id='word_1_64' title='bbox 655 1217 674 1281; x_wconf 77' lang='lat' dir='ltr'>d</span> <span class='ocrx_word' id='word_1_65' title='bbox 695 1218 797 1302; x_wconf 73' lang='lat' dir='ltr'>prima</span> <span class='ocrx_word' id='word_1_66' title='bbox 817 1242 917 1305; x_wconf 88' lang='lat' dir='ltr'>usque</span> <span class='ocrx_word' id='word_1_67' title='bbox 933 1220 975 1283; x_wconf 92' lang='lat' dir='ltr'>ad</span> <span class='ocrx_word' id='word_1_68' title='bbox 989 1220 1102 1286; x_wconf 89' lang='lat' dir='ltr'>horam</span> <span class='ocrx_word' id='word_1_69' title='bbox 1117 1237 1243 1289; x_wconf 87' lang='lat' dir='ltr'>sextam</span> <span class='ocrx_word' id='word_1_70' title='bbox 1267 1226 1299 1289; x_wconf 92' lang='lat' dir='ltr'>in</span> 
     </span>
     <span class='ocr_line' id='line_1_10' title="bbox 149 1302 1301 1391; baseline 0.005 -21"><span class='ocrx_word' id='word_1_71' title='bbox 149 1306 304 1370; x_wconf 90' lang='lat' dir='ltr'>fodiendo</span> <span class='ocrx_word' id='word_1_72' title='bbox 320 1303 503 1369; x_wconf 88' lang='lat' dir='ltr'>alternatim</span> <span class='ocrx_word' id='word_1_73' title='bbox 520 1302 710 1387; x_wconf 91' lang='lat' dir='ltr'>transigunt,</span> <span class='ocrx_word' id='word_1_74' title='bbox 727 1306 786 1368; x_wconf 92' lang='lat' dir='ltr'>sed</span> <span class='ocrx_word' id='word_1_75' title='bbox 802 1305 897 1369; x_wconf 89' lang='lat' dir='ltr'>nichil</span> <span class='ocrx_word' id='word_1_76' title='bbox 913 1308 1096 1391; x_wconf 87' lang='lat' dir='ltr'>proliciunt.</span> <span class='ocrx_word' id='word_1_77' title='bbox 1130 1311 1301 1376; x_wconf 85' lang='lat' dir='ltr'>Rimantnr</span> 
     </span>
     <span class='ocr_line' id='line_1_11' title="bbox 148 1391 1299 1482; baseline 0.005 -24"><span class='ocrx_word' id='word_1_78' title='bbox 148 1406 246 1458; x_wconf 86' lang='lat' dir='ltr'>terrae</span> <span class='ocrx_word' id='word_1_79' title='bbox 275 1392 409 1468; x_wconf 87' lang='lat' dir='ltr'>viscera,</span> <span class='ocrx_word' id='word_1_80' title='bbox 440 1404 474 1455; x_wconf 93' lang='lat' dir='ltr'>et</span> <span class='ocrx_word' id='word_1_81' title='bbox 504 1404 600 1455; x_wconf 81' lang='lat' dir='ltr'>terrae</span> <span class='ocrx_word' id='word_1_82' title='bbox 630 1391 799 1455; x_wconf 90' lang='lat' dir='ltr'>commissa</span> <span class='ocrx_word' id='word_1_83' title='bbox 827 1415 893 1455; x_wconf 91' lang='lat' dir='ltr'>non</span> <span class='ocrx_word' id='word_1_84' title='bbox 921 1394 1125 1478; x_wconf 88' lang='lat' dir='ltr'>reperiuntur</span> <span class='ocrx_word' id='word_1_85' title='bbox 1154 1399 1299 1482; x_wconf 87' lang='lat' dir='ltr'>pignora.</span> 
     </span>
     <span class='ocr_line' id='line_1_12' title="bbox 153 1477 1298 1566; baseline 0.004 -21"><span class='ocrx_word' id='word_1_86' title='bbox 153 1482 394 1566; x_wconf 88' lang='lat' dir='ltr'>Coeperuntque</span> <span class='ocrx_word' id='word_1_87' title='bbox 417 1477 537 1563; x_wconf 89' lang='lat' dir='ltr'>pariter</span> <span class='ocrx_word' id='word_1_88' title='bbox 557 1477 702 1540; x_wconf 87' lang='lat' dir='ltr'>nonnulli</span> <span class='ocrx_word' id='word_1_89' title='bbox 726 1500 800 1542; x_wconf 92' lang='lat' dir='ltr'>cum</span> <span class='ocrx_word' id='word_1_90' title='bbox 816 1481 939 1542; x_wconf 68' lang='lat' dir='ltr'>summa</span> <span class='ocrx_word' id='word_1_91' title='bbox 957 1480 1176 1565; x_wconf 87' lang='lat' dir='ltr'>indignatione</span> <span class='ocrx_word' id='word_1_92' title='bbox 1198 1486 1298 1565; x_wconf 89' lang='lat' dir='ltr'>abire,</span> 
     </span>
     <span class='ocr_line' id='line_1_13' title="bbox 150 1563 1300 1654; baseline 0.008 -25"><span class='ocrx_word' id='word_1_93' title='bbox 150 1567 304 1654; x_wconf 89' lang='lat' dir='ltr'>quicum</span> <span class='ocrx_word' id='word_1_94' title='bbox 330 1567 453 1629; x_wconf 68' lang='lat' dir='ltr'>summa</span> <span class='ocrx_word' id='word_1_95' title='bbox 477 1563 650 1629; x_wconf 89' lang='lat' dir='ltr'>devotione</span> <span class='ocrx_word' id='word_1_96' title='bbox 677 1578 904 1630; x_wconf 89' lang='lat' dir='ltr'>couvenerant.</span> <span class='ocrx_word' id='word_1_97' title='bbox 963 1566 1066 1632; x_wconf 81' lang='lat' dir='ltr'>Porri&gt;</span> <span class='ocrx_word' id='word_1_98' title='bbox 1093 1569 1300 1638; x_wconf 85' lang='lat' dir='ltr'>AEdmundns</span> 
     </span>
     <span class='ocr_line' id='line_1_14' title="bbox 150 1650 1298 1740; baseline 0.006 -22"><span class='ocrx_word' id='word_1_99' title='bbox 150 1653 252 1738; x_wconf 91' lang='lat' dir='ltr'>magis</span> <span class='ocrx_word' id='word_1_100' title='bbox 276 1653 425 1717; x_wconf 89' lang='lat' dir='ltr'>confusus</span> <span class='ocrx_word' id='word_1_101' title='bbox 440 1652 482 1716; x_wconf 92' lang='lat' dir='ltr'>de</span> <span class='ocrx_word' id='word_1_102' title='bbox 501 1651 611 1715; x_wconf 89' lang='lat' dir='ltr'>Sancti</span> <span class='ocrx_word' id='word_1_103' title='bbox 626 1650 752 1736; x_wconf 69' lang='lat' dir='ltr'>injurii,</span> <span class='ocrx_word' id='word_1_104' title='bbox 769 1675 866 1739; x_wconf 89' lang='lat' dir='ltr'>quam</span> <span class='ocrx_word' id='word_1_105' title='bbox 887 1653 930 1717; x_wconf 92' lang='lat' dir='ltr'>de</span> <span class='ocrx_word' id='word_1_106' title='bbox 950 1655 1079 1740; x_wconf 70' lang='lat' dir='ltr'>propria</span> <span class='ocrx_word' id='word_1_107' title='bbox 1094 1660 1298 1739; x_wconf 70' lang='lat' dir='ltr'>contumelia,</span> 
     </span>
     <span class='ocr_line' id='line_1_15' title="bbox 149 1738 1300 1830; baseline 0.005 -25"><span class='ocrx_word' id='word_1_108' title='bbox 149 1740 227 1805; x_wconf 88' lang='lat' dir='ltr'>fidei</span> <span class='ocrx_word' id='word_1_109' title='bbox 253 1738 375 1804; x_wconf 87' lang='lat' dir='ltr'>facibus</span> <span class='ocrx_word' id='word_1_110' title='bbox 400 1760 581 1816; x_wconf 90' lang='lat' dir='ltr'>succensus,</span> <span class='ocrx_word' id='word_1_111' title='bbox 606 1751 736 1822; x_wconf 91' lang='lat' dir='ltr'>arrepto</span> <span class='ocrx_word' id='word_1_112' title='bbox 758 1740 866 1823; x_wconf 91' lang='lat' dir='ltr'>ligone</span> <span class='ocrx_word' id='word_1_113' title='bbox 888 1739 966 1803; x_wconf 90' lang='lat' dir='ltr'>inibi</span> <span class='ocrx_word' id='word_1_114' title='bbox 988 1741 1101 1808; x_wconf 85' lang='lat' dir='ltr'>fodere</span> <span class='ocrx_word' id='word_1_115' title='bbox 1117 1746 1225 1830; x_wconf 84' lang='lat' dir='ltr'>coepit,</span> <span class='ocrx_word' id='word_1_116' title='bbox 1243 1748 1300 1813; x_wconf 93' lang='lat' dir='ltr'>ubi</span> 
     </span>
     <span class='ocr_line' id='line_1_16' title="bbox 150 1825 1300 1918; baseline 0.007 -26"><span class='ocrx_word' id='word_1_117' title='bbox 150 1827 300 1892; x_wconf 88' lang='lat' dir='ltr'>foderant</span> <span class='ocrx_word' id='word_1_118' title='bbox 315 1826 369 1914; x_wconf 92' lang='lat' dir='ltr'>qui</span> <span class='ocrx_word' id='word_1_119' title='bbox 380 1826 448 1912; x_wconf 89' lang='lat' dir='ltr'>jam</span> <span class='ocrx_word' id='word_1_120' title='bbox 461 1825 557 1889; x_wconf 91' lang='lat' dir='ltr'>nichil</span> <span class='ocrx_word' id='word_1_121' title='bbox 566 1825 762 1910; x_wconf 84' lang='lat' dir='ltr'>reperientes</span> <span class='ocrx_word' id='word_1_122' title='bbox 775 1827 996 1892; x_wconf 89' lang='lat' dir='ltr'>discesserant.</span> <span class='ocrx_word' id='word_1_123' title='bbox 1022 1828 1170 1918; x_wconf 74' lang='lat' dir='ltr'>Cumque</span> <span class='ocrx_word' id='word_1_124' title='bbox 1182 1833 1300 1899; x_wconf 87' lang='lat' dir='ltr'>iterato</span> 
     </span>
     <span class='ocr_line' id='line_1_17' title="bbox 150 1912 1300 1999; baseline 0.007 -22"><span class='ocrx_word' id='word_1_125' title='bbox 150 1915 221 1978; x_wconf 92' lang='lat' dir='ltr'>nisu</span> <span class='ocrx_word' id='word_1_126' title='bbox 237 1914 378 1999; x_wconf 89' lang='lat' dir='ltr'>ligonem</span> <span class='ocrx_word' id='word_1_127' title='bbox 392 1913 509 1977; x_wconf 77' lang='lat' dir='ltr'>fortius</span> <span class='ocrx_word' id='word_1_128' title='bbox 522 1925 617 1976; x_wconf 86' lang='lat' dir='ltr'>terrae</span> <span class='ocrx_word' id='word_1_129' title='bbox 633 1912 825 1991; x_wconf 86' lang='lat' dir='ltr'>incussisset,</span> <span class='ocrx_word' id='word_1_130' title='bbox 836 1913 922 1978; x_wconf 90' lang='lat' dir='ltr'>ferro</span> <span class='ocrx_word' id='word_1_131' title='bbox 937 1914 1088 1980; x_wconf 90' lang='lat' dir='ltr'>tinnitum</span> <span class='ocrx_word' id='word_1_132' title='bbox 1101 1920 1258 1985; x_wconf 89' lang='lat' dir='ltr'>reddente</span> <span class='ocrx_word' id='word_1_133' title='bbox 1268 1922 1300 1984; x_wconf 93' lang='lat' dir='ltr'>in</span> 
     </span>
     <span class='ocr_line' id='line_1_18' title="bbox 151 1999 1300 2088; baseline 0.007 -24"><span class='ocrx_word' id='word_1_134' title='bbox 151 2001 283 2088; x_wconf 87' lang='lat' dir='ltr'>aliquod</span> <span class='ocrx_word' id='word_1_135' title='bbox 313 2022 427 2065; x_wconf 87' lang='lat' dir='ltr'>saxum</span> <span class='ocrx_word' id='word_1_136' title='bbox 457 1999 627 2064; x_wconf 88' lang='lat' dir='ltr'>offendisse</span> <span class='ocrx_word' id='word_1_137' title='bbox 653 2022 687 2062; x_wconf 90' lang='lat' dir='ltr'>se</span> <span class='ocrx_word' id='word_1_138' title='bbox 712 1999 868 2075; x_wconf 85' lang='lat' dir='ltr'>credidit3</span> <span class='ocrx_word' id='word_1_139' title='bbox 895 2015 929 2064; x_wconf 88' lang='lat' dir='ltr'>et</span> <span class='ocrx_word' id='word_1_140' title='bbox 953 2001 995 2064; x_wconf 89' lang='lat' dir='ltr'>ad</span> <span class='ocrx_word' id='word_1_141' title='bbox 1021 2025 1109 2087; x_wconf 90' lang='lat' dir='ltr'>spem</span> <span class='ocrx_word' id='word_1_142' title='bbox 1135 2007 1300 2072; x_wconf 90' lang='lat' dir='ltr'>meliorem</span> 
     </span>
     <span class='ocr_line' id='line_1_19' title="bbox 151 2084 1301 2180; baseline 0.006 -28"><span class='ocrx_word' id='word_1_143' title='bbox 151 2088 264 2173; x_wconf 85' lang='lat' dir='ltr'>lapidis</span> <span class='ocrx_word' id='word_1_144' title='bbox 280 2087 479 2173; x_wconf 90' lang='lat' dir='ltr'>repercussio</span> <span class='ocrx_word' id='word_1_145' title='bbox 494 2085 598 2150; x_wconf 85' lang='lat' dir='ltr'>fidelis</span> <span class='ocrx_word' id='word_1_146' title='bbox 614 2084 673 2148; x_wconf 84' lang='lat' dir='ltr'>viri</span> <span class='ocrx_word' id='word_1_147' title='bbox 688 2085 829 2150; x_wconf 91' lang='lat' dir='ltr'>animum</span> <span class='ocrx_word' id='word_1_148' title='bbox 844 2087 1050 2153; x_wconf 62' lang='lat' dir='ltr'>confortavit,</span> <span class='ocrx_word' id='word_1_149' title='bbox 1098 2090 1141 2156; x_wconf 89' lang='lat' dir='ltr'>Et</span> <span class='ocrx_word' id='word_1_150' title='bbox 1156 2105 1232 2157; x_wconf 88' lang='lat' dir='ltr'>tnnc</span> <span class='ocrx_word' id='word_1_151' title='bbox 1244 2117 1301 2180; x_wconf 86' lang='lat' dir='ltr'>spe</span> 
     </span>
     <span class='ocr_line' id='line_1_20' title="bbox 150 2172 1300 2263; baseline 0.006 -24"><span class='ocrx_word' id='word_1_152' title='bbox 150 2175 329 2240; x_wconf 71' lang='lat' dir='ltr'>refocillata</span> <span class='ocrx_word' id='word_1_153' title='bbox 343 2173 497 2239; x_wconf 90' lang='lat' dir='ltr'>incumbit</span> <span class='ocrx_word' id='word_1_154' title='bbox 521 2172 611 2258; x_wconf 89' lang='lat' dir='ltr'>operi</span> <span class='ocrx_word' id='word_1_155' title='bbox 626 2185 734 2257; x_wconf 87' lang='lat' dir='ltr'>coepto</span> <span class='ocrx_word' id='word_1_156' title='bbox 750 2172 980 2252; x_wconf 81' lang='lat' dir='ltr'>vehementius,</span> <span class='ocrx_word' id='word_1_157' title='bbox 997 2189 1031 2239; x_wconf 91' lang='lat' dir='ltr'>et</span> <span class='ocrx_word' id='word_1_158' title='bbox 1046 2177 1152 2262; x_wconf 87' lang='lat' dir='ltr'>ejecto</span> <span class='ocrx_word' id='word_1_159' title='bbox 1167 2181 1300 2263; x_wconf 90' lang='lat' dir='ltr'>pulvere</span> 
     </span>
     <span class='ocr_line' id='line_1_21' title="bbox 152 2259 1301 2348; baseline 0.007 -22"><span class='ocrx_word' id='word_1_160' title='bbox 152 2262 282 2340; x_wconf 70' lang='lat' dir='ltr'>ifossh,</span> <span class='ocrx_word' id='word_1_161' title='bbox 307 2261 538 2346; x_wconf 82' lang='lat' dir='ltr'>sarcophagum</span> <span class='ocrx_word' id='word_1_162' title='bbox 566 2260 727 2344; x_wconf 92' lang='lat' dir='ltr'>lapideum</span> <span class='ocrx_word' id='word_1_163' title='bbox 752 2259 884 2338; x_wconf 90' lang='lat' dir='ltr'>invenit,</span> <span class='ocrx_word' id='word_1_164' title='bbox 902 2261 934 2323; x_wconf 94' lang='lat' dir='ltr'>in</span> <span class='ocrx_word' id='word_1_165' title='bbox 960 2285 1026 2348; x_wconf 94' lang='lat' dir='ltr'>quo</span> <span class='ocrx_word' id='word_1_166' title='bbox 1049 2267 1216 2332; x_wconf 88' lang='lat' dir='ltr'>recondita</span> <span class='ocrx_word' id='word_1_167' title='bbox 1231 2284 1301 2334; x_wconf 88' lang='lat' dir='ltr'>erat</span> 
     </span>
     <span class='ocr_line' id='line_1_22' title="bbox 151 2345 1299 2439; baseline 0.007 -26"><span class='ocrx_word' id='word_1_168' title='bbox 151 2349 325 2434; x_wconf 89' lang='lat' dir='ltr'>margarita</span> <span class='ocrx_word' id='word_1_169' title='bbox 340 2347 542 2436; x_wconf 77' lang='lat' dir='ltr'>praefulgida.</span> <span class='ocrx_word' id='word_1_170' title='bbox 599 2347 626 2409; x_wconf 87' lang='lat' dir='ltr'>F</span> <span class='ocrx_word' id='word_1_171' title='bbox 626 2345 695 2410; x_wconf 67' lang='lat' dir='ltr'>orte</span> <span class='ocrx_word' id='word_1_172' title='bbox 711 2347 787 2433; x_wconf 94' lang='lat' dir='ltr'>qnia</span> <span class='ocrx_word' id='word_1_173' title='bbox 800 2347 917 2432; x_wconf 88' lang='lat' dir='ltr'>passim</span> <span class='ocrx_word' id='word_1_174' title='bbox 933 2361 967 2412; x_wconf 92' lang='lat' dir='ltr'>et</span> <span class='ocrx_word' id='word_1_175' title='bbox 981 2348 1152 2417; x_wconf 71' lang='lat' dir='ltr'>indiscrete</span> <span class='ocrx_word' id='word_1_176' title='bbox 1162 2355 1243 2439; x_wconf 89' lang='lat' dir='ltr'>justi</span> <span class='ocrx_word' id='word_1_177' title='bbox 1266 2370 1299 2421; x_wconf 90' lang='lat' dir='ltr'>et</span> 
     </span>
     <span class='ocr_line' id='line_1_23' title="bbox 152 2433 1301 2524; baseline 0.008 -24"><span class='ocrx_word' id='word_1_178' title='bbox 152 2436 261 2524; x_wconf 90' lang='lat' dir='ltr'>injusti</span> <span class='ocrx_word' id='word_1_179' title='bbox 287 2435 540 2501; x_wconf 87' lang='lat' dir='ltr'>admittebantur</span> <span class='ocrx_word' id='word_1_180' title='bbox 560 2434 602 2499; x_wconf 90' lang='lat' dir='ltr'>ad</span> <span class='ocrx_word' id='word_1_181' title='bbox 624 2433 761 2498; x_wconf 76' lang='lat' dir='ltr'>caelestis</span> <span class='ocrx_word' id='word_1_182' title='bbox 783 2435 899 2499; x_wconf 88' lang='lat' dir='ltr'>secreti</span> <span class='ocrx_word' id='word_1_183' title='bbox 914 2439 1184 2521; x_wconf 82' lang='lat' dir='ltr'>conspectionem,</span> <span class='ocrx_word' id='word_1_184' title='bbox 1203 2443 1301 2509; x_wconf 91' lang='lat' dir='ltr'>dilata</span> 
     </span>
     <span class='ocr_line' id='line_1_24' title="bbox 152 2521 1301 2606; baseline 0.005 -16"><span class='ocrx_word' id='word_1_185' title='bbox 152 2538 202 2590; x_wconf 88' lang='lat' dir='ltr'>est</span> <span class='ocrx_word' id='word_1_186' title='bbox 229 2535 263 2589; x_wconf 91' lang='lat' dir='ltr'>et</span> <span class='ocrx_word' id='word_1_187' title='bbox 289 2536 452 2588; x_wconf 90' lang='lat' dir='ltr'>reservata</span> <span class='ocrx_word' id='word_1_188' title='bbox 474 2521 575 2586; x_wconf 88' lang='lat' dir='ltr'>sancti</span> <span class='ocrx_word' id='word_1_189' title='bbox 593 2521 739 2606; x_wconf 87' lang='lat' dir='ltr'>corporis</span> <span class='ocrx_word' id='word_1_190' title='bbox 754 2521 909 2599; x_wconf 87' lang='lat' dir='ltr'>inventio,</span> <span class='ocrx_word' id='word_1_191' title='bbox 926 2523 1030 2588; x_wconf 88' lang='lat' dir='ltr'>donec</span> <span class='ocrx_word' id='word_1_192' title='bbox 1046 2549 1080 2589; x_wconf 90' lang='lat' dir='ltr'>se</span> <span class='ocrx_word' id='word_1_193' title='bbox 1096 2529 1301 2596; x_wconf 86' lang='lat' dir='ltr'>absentarent</span> 
     </span>
     <span class='ocr_line' id='line_1_25' title="bbox 153 2608 1301 2712; baseline 0.006 -37"><span class='ocrx_word' id='word_1_194' title='bbox 153 2611 208 2712; x_wconf 92' lang='lat' dir='ltr'>qui</span> <span class='ocrx_word' id='word_1_195' title='bbox 223 2610 436 2675; x_wconf 84' lang='lat' dir='ltr'>irreverenter</span> <span class='ocrx_word' id='word_1_196' title='bbox 451 2622 484 2673; x_wconf 89' lang='lat' dir='ltr'>et</span> <span class='ocrx_word' id='word_1_197' title='bbox 500 2608 608 2694; x_wconf 87' lang='lat' dir='ltr'>injusti</span> <span class='ocrx_word' id='word_1_198' title='bbox 619 2610 827 2673; x_wconf 84' lang='lat' dir='ltr'>advenerant.</span> <span class='ocrx_word' id='word_1_199' title='bbox 854 2609 1031 2695; x_wconf 83' lang='lat' dir='ltr'>Episcopus</span> <span class='ocrx_word' id='word_1_200' title='bbox 1044 2613 1121 2677; x_wconf 80' lang='lat' dir='ltr'>verb</span> <span class='ocrx_word' id='word_1_201' title='bbox 1133 2616 1301 2682; x_wconf 88' lang='lat' dir='ltr'>disceden-</span> 
     </span>
    </p>
   </div>
   <div class='ocr_carea' id='block_1_3' title="bbox 154 2694 1401 2782">
    <p class='ocr_par' dir='ltr' id='par_1_3' title="bbox 154 2694 1401 2782">
     <span class='ocr_line' id='line_1_26' title="bbox 154 2694 1401 2782; baseline 0.006 -19"><span class='ocrx_word' id='word_1_202' title='bbox 154 2700 239 2763; x_wconf 77' lang='lat' dir='ltr'>tibus</span> <span class='ocrx_word' id='word_1_203' title='bbox 255 2696 478 2782; x_wconf 90' lang='lat' dir='ltr'>impatientum</span> <span class='ocrx_word' id='word_1_204' title='bbox 494 2695 595 2760; x_wconf 90' lang='lat' dir='ltr'>turbis</span> <span class='ocrx_word' id='word_1_205' title='bbox 609 2718 683 2759; x_wconf 92' lang='lat' dir='ltr'>cum</span> <span class='ocrx_word' id='word_1_206' title='bbox 702 2695 885 2760; x_wconf 87' lang='lat' dir='ltr'>domesticis</span> <span class='ocrx_word' id='word_1_207' title='bbox 901 2697 964 2760; x_wconf 86' lang='lat' dir='ltr'>suis</span> <span class='ocrx_word' id='word_1_208' title='bbox 976 2717 1184 2780; x_wconf 89' lang='lat' dir='ltr'>remanserat,</span> <span class='ocrx_word' id='word_1_209' title='bbox 1201 2718 1238 2768; x_wconf 93' lang='lat' dir='ltr'>nt</span> <span class='ocrx_word' id='word_1_210' title='bbox 1253 2708 1300 2770; x_wconf 90' lang='lat' dir='ltr'>rei</span> <span class='ocrx_word' id='word_1_211' title='bbox 1396 2694 1401 2699; x_wconf 31' lang='lat'><strong>³</strong></span> 
     </span>
    </p>
   </div>
   <div class='ocr_carea' id='block_1_4' title="bbox 150 2781 1318 4522">
    <p class='ocr_par' dir='ltr' id='par_1_4' title="bbox 150 2781 1318 4522">
     <span class='ocr_line' id='line_1_27' title="bbox 151 2781 1299 2876; baseline 0.006 -26"><span class='ocrx_word' id='word_1_212' title='bbox 151 2787 250 2850; x_wconf 89' lang='lat' dir='ltr'>finem</span> <span class='ocrx_word' id='word_1_213' title='bbox 264 2785 388 2849; x_wconf 87' lang='lat' dir='ltr'>videret</span> <span class='ocrx_word' id='word_1_214' title='bbox 403 2781 556 2846; x_wconf 92' lang='lat' dir='ltr'>sollicitus</span> <span class='ocrx_word' id='word_1_215' title='bbox 571 2783 784 2866; x_wconf 84' lang='lat' dir='ltr'>praestolator.</span> <span class='ocrx_word' id='word_1_216' title='bbox 843 2784 928 2847; x_wconf 88' lang='lat' dir='ltr'>Cum</span> <span class='ocrx_word' id='word_1_217' title='bbox 942 2798 1051 2848; x_wconf 88' lang='lat' dir='ltr'>autem</span> <span class='ocrx_word' id='word_1_218' title='bbox 1067 2789 1299 2876; x_wconf 88' lang='lat' dir='ltr'>sarcophagum</span> 
     </span>
     <span class='ocr_line' id='line_1_28' title="bbox 153 2868 1301 2962; baseline 0.008 -26"><span class='ocrx_word' id='word_1_219' title='bbox 153 2873 320 2936; x_wconf 88' lang='lat' dir='ltr'>inventum</span> <span class='ocrx_word' id='word_1_220' title='bbox 343 2869 529 2954; x_wconf 88' lang='lat' dir='ltr'>respiceret,</span> <span class='ocrx_word' id='word_1_221' title='bbox 552 2870 661 2931; x_wconf 90' lang='lat' dir='ltr'>statim</span> <span class='ocrx_word' id='word_1_222' title='bbox 683 2868 752 2932; x_wconf 92' lang='lat' dir='ltr'>solo</span> <span class='ocrx_word' id='word_1_223' title='bbox 774 2869 987 2953; x_wconf 86' lang='lat' dir='ltr'>prosternitur</span> <span class='ocrx_word' id='word_1_224' title='bbox 1009 2873 1077 2957; x_wconf 85' lang='lat' dir='ltr'>ipse</span> <span class='ocrx_word' id='word_1_225' title='bbox 1100 2887 1134 2938; x_wconf 91' lang='lat' dir='ltr'>et</span> <span class='ocrx_word' id='word_1_226' title='bbox 1156 2878 1301 2962; x_wconf 90' lang='lat' dir='ltr'>paucitas</span> 
     </span>
     <span class='ocr_line' id='line_1_29' title="bbox 152 2954 1300 3045; baseline 0.006 -22"><span class='ocrx_word' id='word_1_227' title='bbox 152 2958 299 3023; x_wconf 89' lang='lat' dir='ltr'>fidelium</span> <span class='ocrx_word' id='word_1_228' title='bbox 318 2956 373 3045; x_wconf 92' lang='lat' dir='ltr'>qui</span> <span class='ocrx_word' id='word_1_229' title='bbox 393 2955 538 3033; x_wconf 87' lang='lat' dir='ltr'>aderant,</span> <span class='ocrx_word' id='word_1_230' title='bbox 566 2968 600 3018; x_wconf 90' lang='lat' dir='ltr'>et</span> <span class='ocrx_word' id='word_1_231' title='bbox 626 2954 762 3018; x_wconf 91' lang='lat' dir='ltr'>lacrimis</span> <span class='ocrx_word' id='word_1_232' title='bbox 783 2977 850 3040; x_wconf 89' lang='lat' dir='ltr'>prae</span> <span class='ocrx_word' id='word_1_233' title='bbox 874 2957 992 3041; x_wconf 91' lang='lat' dir='ltr'>gaudio</span> <span class='ocrx_word' id='word_1_234' title='bbox 1021 2960 1142 3025; x_wconf 90' lang='lat' dir='ltr'>abortis</span> <span class='ocrx_word' id='word_1_235' title='bbox 1172 2979 1300 3033; x_wconf 84' lang='lat' dir='ltr'>orantes</span> 
     </span>
     <span class='ocr_line' id='line_1_30' title="bbox 154 3040 1318 3128; baseline 0.009 -19"><span class='ocrx_word' id='word_1_236' title='bbox 154 3042 308 3110; x_wconf 73' lang='lat' dir='ltr'>intentius</span> <span class='ocrx_word' id='word_1_237' title='bbox 331 3057 364 3108; x_wconf 91' lang='lat' dir='ltr'>et</span> <span class='ocrx_word' id='word_1_238' title='bbox 391 3040 557 3128; x_wconf 73' lang='lat' dir='ltr'>prolixius,</span> <span class='ocrx_word' id='word_1_239' title='bbox 582 3041 737 3106; x_wconf 83' lang='lat' dir='ltr'>auxilium</span> <span class='ocrx_word' id='word_1_240' title='bbox 762 3041 947 3107; x_wconf 86' lang='lat' dir='ltr'>Divinitatis</span> <span class='ocrx_word' id='word_1_241' title='bbox 972 3045 1107 3112; x_wconf 85' lang='lat' dir='ltr'>invitant</span> <span class='ocrx_word' id='word_1_242' title='bbox 1130 3065 1163 3115; x_wconf 91' lang='lat' dir='ltr'>et</span> <span class='ocrx_word' id='word_1_243' title='bbox 1191 3053 1318 3119; x_wconf 83' lang='lat' dir='ltr'>Sancti</span> 
     </span>
     <span class='ocr_line' id='line_1_31' title="bbox 154 3128 1300 3225; baseline 0.007 -29"><span class='ocrx_word' id='word_1_244' title='bbox 154 3131 321 3218; x_wconf 88' lang='lat' dir='ltr'>Martyris.</span> <span class='ocrx_word' id='word_1_245' title='bbox 369 3130 413 3195; x_wconf 89' lang='lat' dir='ltr'>Et</span> <span class='ocrx_word' id='word_1_246' title='bbox 428 3129 617 3195; x_wconf 89' lang='lat' dir='ltr'>accedentes</span> <span class='ocrx_word' id='word_1_247' title='bbox 632 3128 763 3214; x_wconf 80' lang='lat' dir='ltr'>propiirs</span> <span class='ocrx_word' id='word_1_248' title='bbox 778 3131 947 3195; x_wconf 88' lang='lat' dir='ltr'>revolvunt</span> <span class='ocrx_word' id='word_1_249' title='bbox 962 3133 1101 3218; x_wconf 88' lang='lat' dir='ltr'>lapidem</span> <span class='ocrx_word' id='word_1_250' title='bbox 1118 3142 1300 3225; x_wconf 86' lang='lat' dir='ltr'>superposi-</span> 
     </span>
     <span class='ocr_line' id='line_1_32' title="bbox 155 3216 1301 3308; baseline 0.004 -24"><span class='ocrx_word' id='word_1_251' title='bbox 155 3232 236 3298; x_wconf 89' lang='lat' dir='ltr'>tum,</span> <span class='ocrx_word' id='word_1_252' title='bbox 254 3232 288 3284; x_wconf 89' lang='lat' dir='ltr'>et</span> <span class='ocrx_word' id='word_1_253' title='bbox 303 3217 412 3283; x_wconf 90' lang='lat' dir='ltr'>statim</span> <span class='ocrx_word' id='word_1_254' title='bbox 426 3217 566 3282; x_wconf 87' lang='lat' dir='ltr'>refertur</span> <span class='ocrx_word' id='word_1_255' title='bbox 580 3216 682 3281; x_wconf 88' lang='lat' dir='ltr'>omnis</span> <span class='ocrx_word' id='word_1_256' title='bbox 705 3217 840 3282; x_wconf 89' lang='lat' dir='ltr'>ecclesia</span> <span class='ocrx_word' id='word_1_257' title='bbox 854 3217 925 3282; x_wconf 82' lang='lat' dir='ltr'>miu&#39;</span> <span class='ocrx_word' id='word_1_258' title='bbox 941 3220 1049 3293; x_wconf 89' lang='lat' dir='ltr'>odoris</span> <span class='ocrx_word' id='word_1_259' title='bbox 1064 3222 1249 3308; x_wconf 63' lang='lat' dir='ltr'>fragrantia,</span> <span class='ocrx_word' id='word_1_260' title='bbox 1267 3243 1301 3293; x_wconf 87' lang='lat' dir='ltr'>et</span> 
     </span>
     <span class='ocr_line' id='line_1_33' title="bbox 154 3303 1301 3396; baseline 0.007 -25"><span class='ocrx_word' id='word_1_261' title='bbox 154 3330 262 3372; x_wconf 91' lang='lat' dir='ltr'>omnes</span> <span class='ocrx_word' id='word_1_262' title='bbox 278 3306 333 3395; x_wconf 91' lang='lat' dir='ltr'>qui</span> <span class='ocrx_word' id='word_1_263' title='bbox 347 3306 483 3371; x_wconf 89' lang='lat' dir='ltr'>aderant</span> <span class='ocrx_word' id='word_1_264' title='bbox 497 3317 587 3369; x_wconf 85' lang='lat' dir='ltr'>tanta</span> <span class='ocrx_word' id='word_1_265' title='bbox 607 3303 745 3369; x_wconf 87' lang='lat' dir='ltr'>suavitas</span> <span class='ocrx_word' id='word_1_266' title='bbox 760 3305 879 3384; x_wconf 84' lang='lat' dir='ltr'>affecit,</span> <span class='ocrx_word' id='word_1_267' title='bbox 896 3320 932 3370; x_wconf 93' lang='lat' dir='ltr'>ut</span> <span class='ocrx_word' id='word_1_268' title='bbox 956 3307 989 3370; x_wconf 90' lang='lat' dir='ltr'>in</span> <span class='ocrx_word' id='word_1_269' title='bbox 1011 3310 1166 3396; x_wconf 83' lang='lat' dir='ltr'>paradysi</span> <span class='ocrx_word' id='word_1_270' title='bbox 1179 3314 1301 3379; x_wconf 88' lang='lat' dir='ltr'>deliciis</span> 
     </span>
     <span class='ocr_line' id='line_1_34' title="bbox 153 3392 1301 3480; baseline 0.008 -22"><span class='ocrx_word' id='word_1_271' title='bbox 153 3418 187 3459; x_wconf 86' lang='lat' dir='ltr'>se</span> <span class='ocrx_word' id='word_1_272' title='bbox 199 3394 319 3480; x_wconf 89' lang='lat' dir='ltr'>positos</span> <span class='ocrx_word' id='word_1_273' title='bbox 334 3392 507 3459; x_wconf 65' lang='lat' dir='ltr'>certissime</span> <span class='ocrx_word' id='word_1_274' title='bbox 519 3392 724 3456; x_wconf 89' lang='lat' dir='ltr'>affirmarent.</span> <span class='ocrx_word' id='word_1_275' title='bbox 772 3393 928 3457; x_wconf 87' lang='lat' dir='ltr'>Videntes</span> <span class='ocrx_word' id='word_1_276' title='bbox 943 3407 1052 3458; x_wconf 89' lang='lat' dir='ltr'>autem</span> <span class='ocrx_word' id='word_1_277' title='bbox 1068 3396 1122 3460; x_wconf 94' lang='lat' dir='ltr'>diu</span> <span class='ocrx_word' id='word_1_278' title='bbox 1139 3398 1301 3467; x_wconf 88' lang='lat' dir='ltr'>desidera·</span> 
     </span>
     <span class='ocr_line' id='line_1_35' title="bbox 154 3479 1300 3572; baseline 0.006 -26"><span class='ocrx_word' id='word_1_279' title='bbox 154 3495 234 3560; x_wconf 89' lang='lat' dir='ltr'>tum,</span> <span class='ocrx_word' id='word_1_280' title='bbox 245 3483 352 3567; x_wconf 89' lang='lat' dir='ltr'>etjam</span> <span class='ocrx_word' id='word_1_281' title='bbox 362 3480 492 3545; x_wconf 89' lang='lat' dir='ltr'>tandem</span> <span class='ocrx_word' id='word_1_282' title='bbox 503 3479 666 3543; x_wconf 87' lang='lat' dir='ltr'>inventum</span> <span class='ocrx_word' id='word_1_283' title='bbox 678 3479 863 3544; x_wconf 88' lang='lat' dir='ltr'>thesaurum</span> <span class='ocrx_word' id='word_1_284' title='bbox 875 3503 971 3565; x_wconf 90' lang='lat' dir='ltr'>super</span> <span class='ocrx_word' id='word_1_285' title='bbox 980 3503 1092 3546; x_wconf 91' lang='lat' dir='ltr'>aurum</span> <span class='ocrx_word' id='word_1_286' title='bbox 1105 3498 1138 3549; x_wconf 91' lang='lat' dir='ltr'>et</span> <span class='ocrx_word' id='word_1_287' title='bbox 1147 3490 1300 3572; x_wconf 86' lang='lat' dir='ltr'>topazion</span> 
     </span>
     <span class='ocr_line' id='line_1_36' title="bbox 153 3564 1299 3654; baseline 0.008 -22"><span class='ocrx_word' id='word_1_288' title='bbox 153 3568 345 3654; x_wconf 89' lang='lat' dir='ltr'>preciosum,</span> <span class='ocrx_word' id='word_1_289' title='bbox 361 3565 502 3632; x_wconf 86' lang='lat' dir='ltr'>universi</span> <span class='ocrx_word' id='word_1_290' title='bbox 523 3588 591 3651; x_wconf 87' lang='lat' dir='ltr'>prae</span> <span class='ocrx_word' id='word_1_291' title='bbox 615 3564 743 3630; x_wconf 80' lang='lat' dir='ltr'>laeticiae</span> <span class='ocrx_word' id='word_1_292' title='bbox 757 3567 979 3651; x_wconf 89' lang='lat' dir='ltr'>magnitudine</span> <span class='ocrx_word' id='word_1_293' title='bbox 994 3569 1139 3636; x_wconf 89' lang='lat' dir='ltr'>lacrimas</span> <span class='ocrx_word' id='word_1_294' title='bbox 1162 3575 1299 3641; x_wconf 89' lang='lat' dir='ltr'>lacrimis</span> 
     </span>
     <span class='ocr_line' id='line_1_37' title="bbox 152 3653 1299 3748; baseline 0.008 -28"><span class='ocrx_word' id='word_1_295' title='bbox 152 3656 369 3733; x_wconf 90' lang='lat' dir='ltr'>cumulabant,</span> <span class='ocrx_word' id='word_1_296' title='bbox 400 3675 506 3739; x_wconf 88' lang='lat' dir='ltr'>genua</span> <span class='ocrx_word' id='word_1_297' title='bbox 534 3653 720 3730; x_wconf 86' lang='lat' dir='ltr'>flectebant,</span> <span class='ocrx_word' id='word_1_298' title='bbox 750 3654 868 3738; x_wconf 87' lang='lat' dir='ltr'>gratias</span> <span class='ocrx_word' id='word_1_299' title='bbox 898 3656 1049 3742; x_wconf 88' lang='lat' dir='ltr'>agebant,</span> <span class='ocrx_word' id='word_1_300' title='bbox 1077 3661 1135 3724; x_wconf 90' lang='lat' dir='ltr'>sed</span> <span class='ocrx_word' id='word_1_301' title='bbox 1166 3675 1299 3748; x_wconf 85' lang='lat' dir='ltr'>tangere</span> 
     </span>
     <span class='ocr_line' id='line_1_38' title="bbox 152 3739 1300 3833; baseline 0.004 -25"><span class='ocrx_word' id='word_1_302' title='bbox 152 3742 399 3809; x_wconf 86' lang='lat' dir='ltr'>sacratissimum</span> <span class='ocrx_word' id='word_1_303' title='bbox 414 3763 532 3826; x_wconf 77' lang='lat' dir='ltr'>¹corpus</span> <span class='ocrx_word' id='word_1_304' title='bbox 554 3739 658 3802; x_wconf 90' lang='lat' dir='ltr'>nullus</span> <span class='ocrx_word' id='word_1_305' title='bbox 682 3741 909 3824; x_wconf 77' lang='lat' dir='ltr'>praesumebat.</span> <span class='ocrx_word' id='word_1_306' title='bbox 968 3743 1154 3833; x_wconf 90' lang='lat' dir='ltr'>Habitaque</span> <span class='ocrx_word' id='word_1_307' title='bbox 1173 3763 1223 3813; x_wconf 90' lang='lat' dir='ltr'>est</span> <span class='ocrx_word' id='word_1_308' title='bbox 1242 3750 1300 3813; x_wconf 90' lang='lat' dir='ltr'>ali·</span> 
     </span>
     <span class='ocr_line' id='line_1_39' title="bbox 152 3827 1298 3924; baseline 0.004 -31"><span class='ocrx_word' id='word_1_309' title='bbox 152 3831 292 3917; x_wconf 91' lang='lat' dir='ltr'>quandiu</span> <span class='ocrx_word' id='word_1_310' title='bbox 308 3830 350 3895; x_wconf 92' lang='lat' dir='ltr'>de</span> <span class='ocrx_word' id='word_1_311' title='bbox 364 3827 544 3894; x_wconf 68' lang='lat' dir='ltr'>reverentia</span> <span class='ocrx_word' id='word_1_312' title='bbox 558 3839 631 3891; x_wconf 89' lang='lat' dir='ltr'>orta</span> <span class='ocrx_word' id='word_1_313' title='bbox 645 3827 810 3891; x_wconf 91' lang='lat' dir='ltr'>contentio</span> <span class='ocrx_word' id='word_1_314' title='bbox 825 3827 910 3892; x_wconf 89' lang='lat' dir='ltr'>inter</span> <span class='ocrx_word' id='word_1_315' title='bbox 919 3828 1051 3894; x_wconf 88' lang='lat' dir='ltr'>clericos</span> <span class='ocrx_word' id='word_1_316' title='bbox 1066 3845 1099 3897; x_wconf 90' lang='lat' dir='ltr'>et</span> <span class='ocrx_word' id='word_1_317' title='bbox 1114 3834 1212 3900; x_wconf 89' lang='lat' dir='ltr'>laicos</span> <span class='ocrx_word' id='word_1_318' title='bbox 1228 3837 1298 3924; x_wconf 89' lang='lat' dir='ltr'>quis</span> 
     </span>
     <span class='ocr_line' id='line_1_40' title="bbox 153 3914 1298 4064; baseline 0.004 -83"><span class='ocrx_word' id='word_1_319' title='bbox 153 3918 322 3982; x_wconf 87' lang='lat' dir='ltr'>accederet</span> <span class='ocrx_word' id='word_1_320' title='bbox 345 3917 387 3981; x_wconf 91' lang='lat' dir='ltr'>ad</span> <span class='ocrx_word' id='word_1_321' title='bbox 414 3928 548 3992; x_wconf 91' lang='lat' dir='ltr'>tactum,</span> <span class='ocrx_word' id='word_1_322' title='bbox 574 3914 652 3978; x_wconf 91' lang='lat' dir='ltr'>dum</span> <span class='ocrx_word' id='word_1_323' title='bbox 676 3914 892 4064; x_wconf 74' lang='lat' dir='ltr'>unusquisqne</span> <span class='ocrx_word' id='word_1_324' title='bbox 912 3916 953 3980; x_wconf 91' lang='lat' dir='ltr'>de</span> <span class='ocrx_word' id='word_1_325' title='bbox 979 3919 1100 3982; x_wconf 90' lang='lat' dir='ltr'>meritis</span> <span class='ocrx_word' id='word_1_326' title='bbox 1116 3921 1180 3985; x_wconf 87' lang='lat' dir='ltr'>suis</span> <span class='ocrx_word' id='word_1_327' title='bbox 1195 3922 1298 3986; x_wconf 90' lang='lat' dir='ltr'>minus</span> 
     </span>
     <span class='ocr_line' id='line_1_41' title="bbox 151 4004 1300 4092; baseline 0.004 -25"><span class='ocrx_word' id='word_1_328' title='bbox 151 4025 346 4090; x_wconf 80' lang='lat' dir='ltr'>praesumens</span> <span class='ocrx_word' id='word_1_329' title='bbox 360 4004 478 4068; x_wconf 89' lang='lat' dir='ltr'>habeat</span> <span class='ocrx_word' id='word_1_330' title='bbox 494 4023 528 4066; x_wconf 87' lang='lat' dir='ltr'>se</span> <span class='ocrx_word' id='word_1_331' title='bbox 544 4012 732 4066; x_wconf 87' lang='lat' dir='ltr'>excusatum</span> <span class='ocrx_word' id='word_1_332' title='bbox 745 4024 754 4076; x_wconf 82' lang='lat'><em>3</em></span> <span class='ocrx_word' id='word_1_333' title='bbox 779 4014 832 4065; x_wconf 89' lang='lat' dir='ltr'>tan</span> <span class='ocrx_word' id='word_1_334' title='bbox 857 4023 908 4065; x_wconf 91' lang='lat' dir='ltr'>em</span> <span class='ocrx_word' id='word_1_335' title='bbox 920 4005 1113 4070; x_wconf 87' lang='lat' dir='ltr'>unanimiter</span> <span class='ocrx_word' id='word_1_336' title='bbox 1128 4007 1160 4070; x_wconf 93' lang='lat' dir='ltr'>in</span> <span class='ocrx_word' id='word_1_337' title='bbox 1177 4007 1300 4092; x_wconf 88' lang='lat' dir='ltr'>episco-</span> 
     </span>
     <span class='ocr_line' id='line_1_42' title="bbox 151 4086 1300 4177; baseline 0.007 -23"><span class='ocrx_word' id='word_1_338' title='bbox 151 4113 230 4177; x_wconf 92' lang='lat' dir='ltr'>pum</span> <span class='ocrx_word' id='word_1_339' title='bbox 247 4089 427 4167; x_wconf 89' lang='lat' dir='ltr'>intendunt,</span> <span class='ocrx_word' id='word_1_340' title='bbox 443 4103 477 4153; x_wconf 92' lang='lat' dir='ltr'>et</span> <span class='ocrx_word' id='word_1_341' title='bbox 499 4089 567 4173; x_wconf 91' lang='lat' dir='ltr'>ejus</span> <span class='ocrx_word' id='word_1_342' title='bbox 583 4110 652 4151; x_wconf 91' lang='lat' dir='ltr'>esse</span> <span class='ocrx_word' id='word_1_343' title='bbox 667 4086 772 4151; x_wconf 91' lang='lat' dir='ltr'>meriti</span> <span class='ocrx_word' id='word_1_344' title='bbox 788 4089 909 4172; x_wconf 91' lang='lat' dir='ltr'>pariter</span> <span class='ocrx_word' id='word_1_345' title='bbox 923 4103 956 4154; x_wconf 88' lang='lat' dir='ltr'>et</span> <span class='ocrx_word' id='word_1_346' title='bbox 972 4091 1077 4168; x_wconf 91' lang='lat' dir='ltr'>officii,</span> <span class='ocrx_word' id='word_1_347' title='bbox 1095 4106 1132 4156; x_wconf 94' lang='lat' dir='ltr'>ut</span> <span class='ocrx_word' id='word_1_348' title='bbox 1146 4094 1231 4157; x_wconf 91' lang='lat' dir='ltr'>solus</span> <span class='ocrx_word' id='word_1_349' title='bbox 1247 4099 1300 4162; x_wconf 88' lang='lat' dir='ltr'>vel</span> 
     </span>
     <span class='ocr_line' id='line_1_43' title="bbox 151 4176 1301 4262; baseline -0.003 -19"><span class='ocrx_word' id='word_1_350' title='bbox 151 4178 266 4243; x_wconf 89' lang='lat' dir='ltr'>saltem</span> <span class='ocrx_word' id='word_1_351' title='bbox 281 4176 368 4262; x_wconf 91' lang='lat' dir='ltr'>prior</span> <span class='ocrx_word' id='word_1_352' title='bbox 382 4188 494 4260; x_wconf 89' lang='lat' dir='ltr'>tangat</span> <span class='ocrx_word' id='word_1_353' title='bbox 517 4188 661 4239; x_wconf 90' lang='lat' dir='ltr'>sanctum</span> <span class='ocrx_word' id='word_1_354' title='bbox 684 4188 842 4239; x_wconf 85' lang='lat' dir='ltr'>asserunt.</span> <span class='ocrx_word' id='word_1_355' title='bbox 890 4177 949 4241; x_wconf 91' lang='lat' dir='ltr'>Ille</span> <span class='ocrx_word' id='word_1_356' title='bbox 964 4200 1042 4241; x_wconf 92' lang='lat' dir='ltr'>vero</span> <span class='ocrx_word' id='word_1_357' title='bbox 1057 4180 1183 4241; x_wconf 71' lang='lat' dir='ltr'>morosa</span> <span class='ocrx_word' id='word_1_358' title='bbox 1196 4182 1301 4248; x_wconf 89' lang='lat' dir='ltr'>reluc.</span> 
     </span>
     <span class='ocr_line' id='line_1_44' title="bbox 150 4260 1297 4353; baseline 0.005 -23"><span class='ocrx_word' id='word_1_359' title='bbox 150 4264 273 4330; x_wconf 89' lang='lat' dir='ltr'>tatione</span> <span class='ocrx_word' id='word_1_360' title='bbox 288 4285 322 4328; x_wconf 91' lang='lat' dir='ltr'>se</span> <span class='ocrx_word' id='word_1_361' title='bbox 337 4284 493 4328; x_wconf 88' lang='lat' dir='ltr'>excusans</span> <span class='ocrx_word' id='word_1_362' title='bbox 539 4260 607 4327; x_wconf 75' lang='lat' dir='ltr'>uod</span> <span class='ocrx_word' id='word_1_363' title='bbox 632 4283 697 4324; x_wconf 92' lang='lat' dir='ltr'>non</span> <span class='ocrx_word' id='word_1_364' title='bbox 720 4283 847 4346; x_wconf 89' lang='lat' dir='ltr'>semper</span> <span class='ocrx_word' id='word_1_365' title='bbox 860 4263 1071 4346; x_wconf 67' lang='lat' dir='ltr'>praeeminent</span> <span class='ocrx_word' id='word_1_366' title='bbox 1086 4263 1154 4327; x_wconf 88' lang='lat' dir='ltr'>aliis</span> <span class='ocrx_word' id='word_1_367' title='bbox 1169 4269 1297 4353; x_wconf 89' lang='lat' dir='ltr'>merito,</span> 
     </span>
     <span class='ocr_line' id='line_1_45' title="bbox 151 4285 1297 4440; baseline 0.001 -25"><span class='ocrx_word' id='word_1_368' title='bbox 151 4351 207 4438; x_wconf 92' lang='lat' dir='ltr'>qui</span> <span class='ocrx_word' id='word_1_369' title='bbox 233 4349 358 4435; x_wconf 86' lang='lat' dir='ltr'>praelati</span> <span class='ocrx_word' id='word_1_370' title='bbox 384 4357 459 4413; x_wconf 89' lang='lat' dir='ltr'>s&#39;unt</span> <span class='ocrx_word' id='word_1_371' title='bbox 485 4285 601 4427; x_wconf 78' lang='lat' dir='ltr'>officio,</span> <span class='ocrx_word' id='word_1_372' title='bbox 627 4347 760 4413; x_wconf 89' lang='lat' dir='ltr'>tandem</span> <span class='ocrx_word' id='word_1_373' title='bbox 787 4347 890 4413; x_wconf 87' lang='lat' dir='ltr'>victus</span> <span class='ocrx_word' id='word_1_374' title='bbox 922 4349 1170 4434; x_wconf 89' lang='lat' dir='ltr'>importunitatis</span> <span class='ocrx_word' id='word_1_375' title='bbox 1187 4357 1297 4440; x_wconf 79' lang='lat' dir='ltr'>taedio,</span> 
     </span>
     <span class='ocr_line' id='line_1_46' title="bbox 152 4434 1297 4522; baseline 0.007 -19"><span class='ocrx_word' id='word_1_376' title='bbox 152 4437 277 4503; x_wconf 88' lang='lat' dir='ltr'>accedit</span> <span class='ocrx_word' id='word_1_377' title='bbox 301 4450 336 4504; x_wconf 94' lang='lat' dir='ltr'>ut</span> <span class='ocrx_word' id='word_1_378' title='bbox 351 4448 474 4522; x_wconf 88' lang='lat' dir='ltr'>tangat,</span> <span class='ocrx_word' id='word_1_379' title='bbox 491 4449 525 4503; x_wconf 91' lang='lat' dir='ltr'>et</span> <span class='ocrx_word' id='word_1_380' title='bbox 539 4435 673 4502; x_wconf 85' lang='lat' dir='ltr'>sullevet</span> <span class='ocrx_word' id='word_1_381' title='bbox 685 4435 727 4500; x_wconf 91' lang='lat' dir='ltr'>de</span> <span class='ocrx_word' id='word_1_382' title='bbox 743 4434 951 4520; x_wconf 86' lang='lat' dir='ltr'>sarcophago.</span> <span class='ocrx_word' id='word_1_383' title='bbox 998 4437 1141 4501; x_wconf 89' lang='lat' dir='ltr'>Lavatur</span> <span class='ocrx_word' id='word_1_384' title='bbox 1156 4448 1297 4514; x_wconf 68' lang='lat' dir='ltr'>antemi</span> 
     </span>
    </p>
   </div>
   <div class='ocr_carea' id='block_1_5' title="bbox 0 0 1451 5018">
    <p class='ocr_par' dir='ltr' id='par_1_5' title="bbox 0 0 1451 5018">
     <span class='ocr_line' id='line_1_47' title="bbox 0 0 1451 5018; baseline 0 0"><span class='ocrx_word' id='word_1_385' title='bbox 0 0 1451 5018; x_wconf 95' lang='lat' dir='ltr'> </span> 
     </span>
    </p>
   </div>
  </div>
 </body>
</html>
