2888 5018
520 340 711 396 LIBELLUS
738 341 789 394 DE
816 341 920 394 ORTU

607 803 724 886 [cre.
753 803 826 878 vr]

192 1054 315 1133 Puella,
354 1052 461 1139 igitur,
501 1053 737 1139 impregnatam
768 1075 801 1117 se
840 1051 990 1130 sentiens,
1026 1049 1171 1139 querulis
1203 1052 1296 1135 coepit

147 1144 279 1209 vocibus
294 1141 459 1229 conqueri,
471 1155 504 1206 et
516 1139 734 1226 corrupcionis
750 1141 962 1226 obprobrium
979 1139 1095 1224 saepius
1112 1138 1297 1203 contristata

147 1230 367 1299 collacrimari.
418 1229 519 1314 Cujus
547 1230 729 1294 lacrimosas
749 1227 822 1292 Rex
845 1227 990 1315 querelas
1006 1225 1127 1290 diutius
1145 1225 1296 1291 sustinere

146 1343 213 1385 non
228 1319 346 1406 potuit,
372 1318 448 1418 quia
474 1316 542 1401 ipsa
566 1318 637 1402 jam
664 1330 787 1381 naturae
819 1317 998 1401 compassio
1023 1313 1140 1378 erroris
1170 1313 1297 1379 delicias

148 1405 397 1492 complangendr
419 1403 581 1492 angustias
597 1404 802 1488 permutvait.
841 1405 916 1468 Rex
930 1425 1007 1467 vero
1023 1401 1169 1467 cominus
1187 1401 1298 1490 virgini

148 1518 181 1559 se
204 1493 379 1580 conjungit,
404 1506 438 1556 et
454 1491 558 1554 verbis
575 1491 698 1555 dulcius
722 1491 906 1576 temperatis
934 1513 1006 1554 eam
1033 1488 1215 1574 mitigando
1231 1511 1299 1575 per·

148 1581 250 1666 ungit.
299 1589 319 1622 ‘⁶
337 1579 444 1656 Absit,
470 1578 600 1663 inquam
636 1579 793 1664 [Nequit]
829 1579 905 1656 filia,
932 1592 967 1642 ut
991 1579 1073 1643 tanti
1088 1576 1217 1642 decoris
1233 1575 1300 1663 pul·

148 1666 361 1733 claritudinem
377 1664 577 1754 negligencia
593 1688 665 1729 mea
680 1666 807 1730 devolvi
819 1668 928 1749 paciar
943 1688 1001 1750 per
1016 1664 1202 1750 ignominiae
1213 1675 1300 1749 tepo-

149 1778 227 1822 rem.
274 1753 351 1819 Tibi
374 1777 452 1842 ergo
468 1775 528 1818 nec
544 1776 602 1839 pro
626 1754 688 1818 hoc
712 1754 880 1817 commisso
904 1754 1070 1818 insultabit
1093 1752 1233 1817 famulus
1249 1763 1301 1816 aut

150 1844 283 1919 ancilla3
307 1841 381 1929 quia
404 1842 451 1906 tui
468 1841 630 1927 presentia
645 1866 665 1906 a
679 1842 840 1906 communi
858 1841 902 1906 ita
916 1842 1133 1906 semovebitur
1148 1841 1301 1906 clientum

149 1930 297 1997 absencia
312 1931 400 2018 quod
422 1953 528 2018 neque
543 1953 659 1995 vocum
686 1930 796 1994 audies
812 1930 1006 2016 improperia
1020 1929 1072 1995 vel
1084 1929 1301 1994 chachinnan·

150 2032 219 2084 tum
235 2019 370 2084 stridula
385 2019 603 2086 deliramenta.
650 2019 751 2083 Alvus
768 2018 835 2096 tibi,
853 2018 878 2080 si
894 2019 1087 2105 quandoque
1103 2018 1300 2096 intumuerit,

149 2106 352 2171 insultacioni
368 2121 401 2170 et
426 2107 601 2191 obprobrio
625 2129 775 2172 essenon
798 2106 928 2192 poterit,
947 2128 987 2171 eo
1016 2106 1104 2192 quod
1127 2107 1212 2191 regis
1237 2106 1302 2171 filia

145 2193 353 2258 ‘unicaunius
370 2193 454 2277 regis
478 2195 572 2257 unica
602 2195 687 2258 facta
710 2194 750 2256 sis
774 2193 898 2258 ancilla.
955 2195 998 2258 Et
1030 2195 1056 2258 si
1078 2218 1173 2259 sexus
1207 2194 1300 2258 virilis

150 2295 261 2367 partus
278 2282 324 2343 tui
340 2280 497 2344 levamina
510 2282 730 2366 subsequatur,
745 2281 861 2344 divinae
877 2282 976 2345 fuisse
993 2283 1118 2346 virtutis
1129 2281 1301 2366 disposicio

151 2367 343 2432 dinoscetur.
370 2367 535 2454 Siquidem
552 2390 625 2431 cum
641 2391 755 2431 sexum
781 2367 905 2431 virilem
920 2369 1075 2434 hactenus
1092 2369 1222 2434 aliunde
1237 2392 1302 2434 non

151 2457 306 2531 habuero,
330 2453 364 2518 in
379 2455 442 2519 hoc
457 2455 593 2540 puerulo
605 2455 659 2518 diu
672 2454 763 2519 dilati
778 2454 855 2518 mihi
871 2456 1008 2521 haeredis
1024 2459 1134 2522 votiva
1145 2457 1303 2522 desideria

153 2543 380 2628 compensabo.
431 2542 565 2630 Eritque
582 2543 695 2607 merito
708 2545 872 2630 utriusque
895 2544 1083 2610 hereditatis
1098 2559 1219 2610 nostrae
1235 2569 1303 2610 suc-

152 2655 260 2697 cessor
275 2630 437 2710 naturalis,
467 2655 506 2696 eo
533 2631 621 2717 quod
644 2632 793 2718 utrinque
809 2633 849 2696 de
877 2632 998 2697 semine
1021 2633 1106 2716 regis
1135 2633 1199 2698 sint
1223 2633 1304 2698 illius

153 2720 330 2786 sementiva
344 2719 592 2805 propagationis.
640 2720 710 2784 Nec
726 2720 817 2784 alteri
834 2719 1042 2784 excellentius
1058 2722 1227 2808 utriusque
1251 2721 1305 2786 de-

152 2811 246 2874 betur
260 2808 421 2873 hereditas
437 2830 534 2894 quam
556 2807 611 2870 illi.
659 2807 713 2872 Ex
728 2820 865 2893 paterno
889 2808 975 2873 enim
990 2808 1109 2872 semine
1126 2809 1155 2874 ei
1168 2830 1305 2894 regnum

154 2919 261 2960 meum
275 2896 346 2979 jure
364 2910 523 2973 censetur,
549 2912 582 2958 et
608 2918 649 2959 ex
664 2908 811 2960 materna
834 2895 1047 2980 generationis
1063 2897 1145 2962 serie
1168 2897 1210 2960 ad
1235 2919 1307 2961 eum

153 2982 271 3048 merito
286 2981 382 3066 patris
400 2983 446 3044 tui
458 2994 618 3065 sceptrum
636 2997 668 3045 et
695 2984 865 3068 imperium
882 2983 1103 3052 transferetur.
1151 2985 1237 3049 Nam
1251 3009 1307 3072 pa·

155 3069 239 3136 terni
254 3068 325 3133 solii
355 3081 390 3131 tu
416 3068 484 3132 sola
498 3069 591 3132 heres
604 3091 671 3134 esse
688 3073 902 3159 cognosceris.
948 3072 1002 3136 De
1027 3095 1100 3136 meo
1127 3088 1237 3136 autem
1252 3094 1307 3158 pa·

156 3171 247 3222 terno
264 3157 313 3221 vel
329 3168 475 3220 materno
490 3156 609 3220 semine
625 3171 744 3242 praeter
767 3159 863 3223 istum
886 3182 952 3223 non
977 3159 1071 3224 video
1087 3159 1165 3222 milri
1189 3161 1306 3225 debere

155 3244 351 3308 hereditario
362 3247 436 3328 jure
452 3245 634 3323 succedere,
652 3270 692 3310 eo
709 3249 796 3334 quod
813 3270 976 3332 nunquam
992 3270 1043 3311 me
1059 3247 1191 3311 memini
1213 3247 1307 3313 virilis

156 3333 293 3395 formam
308 3332 502 3396 substanciae
517 3335 705 3420 generando
720 3334 908 3421 profudisse.
956 3336 1000 3398 Et
1015 3359 1102 3401 nunc
1113 3335 1202 3422 quod
1217 3335 1307 3400 nobis

157 3442 232 3483 casu
249 3419 390 3484 dictante
405 3424 565 3505 provenit,
581 3436 616 3486 ut
643 3424 793 3499 adverto,
806 3423 875 3506 jam
892 3445 931 3486 ea
961 3423 1069 3487 divina
1096 3423 1307 3508 disposicione
1320 3482 1339 3523 l

156 3505 317 3571 successit.
362 3508 435 3572 Jam
451 3532 528 3598 ergo
544 3511 586 3574 ad
602 3524 738 3575 matrem
761 3532 865 3574 meam
888 3523 920 3573 te
942 3511 1167 3588 transmittam,
1194 3524 1227 3576 et
1251 3510 1308 3576 tibi

157 3609 254 3681 atque
270 3611 438 3681 conceptae
458 3597 541 3682 proli
567 3621 692 3664 omnem
718 3597 950 3662 solicitudinem
976 3598 1161 3662 devocionis
1186 3600 1308 3685 impen-

158 3683 262 3748 dam.''
312 3684 427 3749 Ascitis
443 3685 550 3773 itaque
573 3686 637 3749 suis
659 3686 838 3772 quibusque
854 3684 1112 3751 familiarioribus
1128 3698 1162 3750 et
1187 3688 1307 3765 amicis,

157 3785 194 3837 ut
210 3794 281 3837 eam
296 3771 390 3837 matri
405 3796 472 3838 suae
487 3773 577 3838 filiali
602 3775 673 3837 vice
695 3772 859 3859 quondam
885 3773 1005 3861 reginae
1035 3774 1186 3839 devocius
1210 3773 1312 3859 porri·

156 3873 247 3946 gant,
265 3874 297 3926 et
310 3859 478 3946 benignius
493 3863 588 3924 istam
602 3859 704 3924 foveri
716 3873 814 3946 atque
830 3861 1196 3962 consolaripraecipiant.
1246 3859 1311 3936 Qui

157 3965 337 4036 susceptam
352 3949 493 4035 puellam
516 3969 581 4032 quo
606 3945 651 4010 eis
675 3951 799 4034 jussum
824 3948 927 4013 fuerat
946 3948 1133 4036 dihgentius
1149 3949 1311 4034 perduxe-

158 4050 245 4101 runt.
295 4036 401 4111 Quam
411 4036 522 4119 regina
530 4054 592 4119 pro
602 4034 660 4097 filii
673 4036 862 4120 postulantis
874 4058 984 4100 amore
994 4036 1145 4102 obnixius
1159 4037 1309 4123 suscepit,

159 4138 193 4188 et
208 4123 268 4190 sibi
280 4146 350 4202 eam
365 4125 399 4186 in
414 4123 515 4186 filiam
530 4119 702 4207 adoptavit.
747 4121 955 4210 Aliquamdiu
971 4146 1050 4210 ergo
1066 4125 1152 4191 circa
1165 4123 1312 4209 reginam

158 4211 267 4296 puella
282 4222 470 4276 conversata
492 4222 681 4275 cunctorum
705 4209 977 4276 commanentium
1002 4211 1234 4280 benivolentiae
1250 4233 1311 4299 pro

159 4319 227 4363 suae
242 4296 439 4364 liberalitatis
454 4298 559 4385 gratia
573 4298 632 4364 sub
647 4298 812 4366 brevitatis
828 4312 973 4386 tempore
988 4314 1037 4367 est
1052 4299 1175 4367 sortita.
1222 4296 1310 4378 Rex,

159 4381 301 4467 interim,
318 4382 393 4474 quia
417 4382 558 4472 puellum
586 4398 798 4478 pregnantem
828 4386 997 4473 didicerat,
1024 4384 1206 4459 deliciosius
1237 4406 1310 4455 eum
