2888 5018
359 1106 490 1182 vma
519 1109 717 1184 oswrm
742 1110 924 1207 asora,
949 1115 1021 1186 &a
1088 1082 1218 1229 *Is-‘22

113 1491 232 1572 Incipit
249 1494 396 1573 prolapus
410 1497 444 1556 ia
457 1497 554 1556 vitam
568 1493 764 1556 Sancusstmt
777 1499 807 1553 et
822 1489 1050 1553 Gloriosissimi
1069 1489 1167 1572 Rapis
1182 1478 1264 1555 Det

200 1598 306 1641 rorum
325 1579 455 1657 oswini,
471 1590 501 1644 et
514 1580 660 1662 quomodo
674 1579 730 1640 aab
744 1597 814 1659 repe
832 1577 920 1641 Oswa'
934 1580 1084 1658 martyrio
1098 1586 1263 1642 wronatua
1337 1610 1340 1617 ¹

202 1674 256 1727 est.

160 1835 373 1922 Antiquorum
396 1838 517 1902 incuria
532 1837 758 1901 modernorum
778 1834 977 1919 diligentiam
993 1834 1025 1898 in
1040 1834 1148 1900 multis
1164 1857 1260 1901 cona-

113 1921 197 1986 tibus
213 1926 301 2008 cogit
314 1925 464 1990 deficere.
513 1924 632 1988 Extitit
648 1945 786 2008 namque
805 1921 978 2007 antiquitas
993 1943 1080 2006 saepe
1094 1921 1261 2010 negligen-

111 2008 175 2072 tior
197 2009 319 2090 debito,
338 2012 370 2075 in
393 2012 568 2076 scribendis
591 2012 818 2095 memoriaeque
841 2006 1031 2071 mandandis
1054 2020 1259 2073 strenuorum

112 2095 252 2159 virorum
273 2099 370 2182 gestis
398 2098 635 2184 probabilibus3
666 2113 700 2161 et
722 2093 860 2159 maxime
884 2094 1022 2171 illorum,
1040 2115 1177 2194 quorum
1194 2094 1260 2161 vita

114 2182 282 2248 Cristianae
301 2186 378 2250 fidei
394 2185 512 2249 virtute
528 2185 668 2269 vigebat,
686 2196 720 2247 et
735 2205 820 2245 mors
836 2179 977 2245 caritatis
993 2181 1167 2245 emmentia
1188 2182 1259 2267 pol·

110 2269 209 2334 lebat.
257 2271 342 2336 Hinc
361 2286 410 2337 est
433 2272 520 2358 quod
537 2271 609 2334 visis
631 2269 789 2335 auditisve
817 2269 1006 2333 Sanctorum
1030 2269 1257 2334 nonnullorum

110 2356 280 2436 miraculis,
292 2382 404 2424 eorum
421 2358 582 2423 sanctitati
594 2357 832 2442 congaudemus
844 2379 852 2420 :
868 2355 910 2420 de
920 2377 1055 2442 quorum
1072 2368 1180 2421 tamen
1192 2355 1259 2422 vita

133 2443 185 2508 uia
199 2445 295 2511 nichil
311 2461 370 2526 cst,
388 2447 439 2512 vel
459 2469 569 2533 parurn
586 2445 739 2530 scriptum
756 2458 913 2522 tenemus,
930 2441 1008 2549 quid
1027 2443 1163 2528 posteris
1183 2465 1258 2528 pro-

108 2466 251 2597 intutum
264 2534 416 2612 dicamus,
430 2557 493 2598 non
510 2534 676 2598 habemus.
726 2530 852 2605 Quaerit
867 2529 949 2595 sorte
965 2528 1090 2615 aliquis,
1103 2552 1257 2616 quorsum

107 2617 169 2682 hoc
192 2619 407 2706 principium?
456 2622 527 2706 Ego
542 2621 584 2685 ad
606 2621 677 2684 haec
696 2617 886 2705 respondeo.
936 2617 1033 2700 Cogit
1052 2639 1104 2680 mc
1126 2618 1257 2703 propria

107 2703 249 2785 devotio,
266 2708 364 2772 immo
379 2708 515 2772 fratrum
530 2708 713 2792 importuna
727 2705 760 2768 in
775 2703 920 2788 rogando
931 2702 1096 2786 compellit
1112 2702 1254 2782 vexatio,

107 2793 256 2878 quatinus
283 2794 393 2859 Sancti
418 2795 517 2880 Regis
533 2807 567 2857 et
592 2790 735 2857 Martiris
755 2789 876 2856 Oswini
891 2788 991 2852 vitam
1013 2787 1255 2940 martinumque

107 2879 227 2964 scripto
247 2881 465 2946 committamr
489 2880 546 2945 sed
569 2879 707 2965 propriae
730 2876 895 2942 devotioni
917 2874 1110 2954 satisfacere,
1128 2875 1177 2939 vel
1206 2899 1256 2941 ra-

107 2978 192 3030 trum
216 2966 341 3032 caritati
364 2968 508 3045 obedire,
534 2966 566 3030 in
589 2967 649 3030 hac
671 2986 707 3029 re
730 2987 795 3028 non
817 2962 987 3050 permittor
999 2985 1009 3039 ;
1031 2961 1107 3063 quia
1128 2962 1170 3028 de
1189 2963 1257 3029 vita

106 3067 252 3120 morteve
278 3058 358 3143 ejus,
380 3076 513 3142 quarum
538 3066 674 3140 utraque
698 3051 730 3116 in
753 3065 927 3136 conspectu
950 3049 1085 3116 Dommi
1109 3051 1255 3136 preciosa

106 3140 227 3219 extitit,
241 3165 353 3227 parum
369 3142 401 3207 in
417 3155 562 3208 veterum
577 3140 742 3206 annalibus
757 3137 895 3223 reperio.
943 3136 1093 3224 Namque
1112 3137 1254 3203 Venera-

104 3226 176 3291 bilis
203 3229 295 3294 Beda
309 3230 341 3294 in
358 3230 539 3315 Anglorum
561 3227 704 3314 hystoria
718 3226 816 3291 vitam
836 3238 1037 3311 mortemque
1065 3223 1173 3289 Sancti
1190 3226 1253 3292 Os-

105 3314 177 3378 wini
192 3317 351 3382 succincte
368 3317 595 3403 perstringens,
612 3336 672 3380 nec
684 3314 784 3378 vitam
798 3316 866 3400 ejus
883 3326 918 3376 ut
933 3312 1076 3388 deceret,
1093 3334 1152 3376 nec
1167 3335 1253 3378 mor·

105 3415 169 3466 tem
200 3417 238 3467 ut
267 3418 442 3489 oporteret,
482 3400 676 3468 declaravit:
715 3414 883 3487 utramque
913 3411 1021 3463 tamen
1057 3398 1252 3465 innocentiae

103 3489 206 3577 gloria
221 3491 416 3569 decoratam,
433 3490 525 3556 brevi
542 3490 598 3554 sed
617 3489 787 3554 commoda
805 3487 929 3552 ratione
949 3485 1117 3550 intimavit.
1167 3486 1250 3561 Quae

105 3599 179 3641 vero
203 3578 272 3642 aliis
288 3578 337 3643 vel
353 3578 440 3643 dicta
454 3579 507 3641 vel
529 3577 647 3662 scripta
666 3588 740 3639 sunt
762 3576 804 3639 de
828 3587 917 3638 tanto
942 3573 1099 3659 Martyre,
1117 3574 1250 3640 credere

102 3663 232 3749 quidem
256 3665 481 3752 permittimus
499 3663 556 3728 sed
578 3661 770 3728 auctoritate
786 3683 896 3726 eorum
912 3659 954 3723 ad
977 3659 1172 3726 credendum
1184 3683 1250 3727 non

102 3751 256 3840 cogimur.
306 3753 349 3816 Et
364 3753 434 3817 haec
447 3765 496 3816 est
511 3749 605 3828 ratio,
623 3772 722 3837 quare
738 3749 779 3814 ad
800 3746 929 3833 plenum
945 3749 1063 3833 exequi
1079 3746 1248 3833 impedior,

102 3839 188 3924 quod
201 3853 308 3905 tamen
320 3863 451 3928 quoquo
461 3838 559 3902 modo
571 3837 688 3924 exequi
700 3858 720 3901 a
731 3834 880 3900 fratribus
893 3831 1049 3921 oportun&
1061 3834 1248 3920 rogantibus

102 3925 256 4010 impellor,
273 3927 378 3992 fateor
398 3927 516 4013 quippe
539 3923 820 4010 praesumptionem
844 3945 924 4000 esse,
942 3922 1029 4008 quod
1048 3921 1249 3985 Venerabilis

104 4013 196 4078 Beda
208 4015 321 4092 texuit,
334 4026 503 4089 retexere3
518 4013 654 4096 speciem
666 4033 795 4098 quoque
810 4008 973 4096 apocriphi
988 4007 1058 4073 fore
1069 4007 1246 4093 perpendo,

99 4099 188 4188 quod
221 4101 306 4185 apud
339 4101 462 4166 Bedam
487 4123 553 4165 non
575 4097 744 4175 invenitur,
769 4112 802 4162 et
825 4111 933 4161 tamen
955 4094 1073 4181 passim
1107 4093 1245 4174 auditur,

97 4188 188 4274 quasi
204 4187 339 4253 veritate
354 4188 525 4252 subnixum
540 4185 714 4252 narrationi
729 4183 899 4272 hystoricae
914 4182 1087 4246 innectere.
1136 4179 1243 4248 Int....

98 4298 177 4360 ergo
199 4276 338 4341 scribere
353 4291 387 4340 et
398 4298 462 4340 non
477 4297 623 4360 peccare,
636 4274 689 4338 vel
703 4271 811 4336 nescio
824 4271 875 4335 vel
891 4292 955 4357 non
969 4288 1098 4365 possum
1112 4289 1120 4330 ε
1137 4278 1244 4335 tamen

96 4362 310 4449 quodminus
336 4362 549 4448 periculosum
572 4374 620 4427 est
643 4359 776 4446 eligens,
804 4355 905 4421 Bedae
919 4352 1066 4437 'vestigiis
1089 4352 1242 4435 rnhaereo,

658 4470 679 4510 a
