2888 5018
529 395 668 448 ssucrr
697 396 933 450 curnsnnrr.
1254 375 1301 461 69

148 561 314 630 confoveri
339 562 426 628 fecit.
473 563 602 627 Interea
617 563 700 646 regis
716 574 819 628 mater
838 562 871 627 in
887 562 1117 628 monasterium
1129 562 1300 652 virginum,

148 653 299 718 omnibus
314 674 374 737 pro
396 650 461 714 Dei
475 673 577 739 reguo
593 651 788 737 postpositis,
816 675 886 716 sese
911 652 1129 728 concluserat3
1153 653 1208 716 ubi
1233 654 1303 717 Do·

147 741 238 806 mino
264 739 464 826 frequentius
493 762 638 825 praecum
673 753 707 803 et
740 739 942 804 lacrimarum
971 740 1090 803 hostias
1117 739 1302 806 immolavit.

148 829 262 914 Hujus
278 827 462 892 monasterii
479 828 625 891 custodia
640 841 673 892 et
683 851 760 892 cura
773 851 854 892 unus
868 829 1046 914 Episcopus
1059 843 1136 893 tuuc
1149 829 1303 915 temporis

148 917 405 993 administrabat,
418 930 450 979 et
462 929 527 980 tam
541 916 653 980 intima
665 939 760 1003 quam
773 918 935 980 exteriora
944 917 1079 1001 negocia
1088 918 1302 1002 dispensabat.

152 1005 256 1091 Cujus
287 1003 420 1088 imperio
445 1003 582 1088 virgines
611 1003 642 1066 iu
664 1004 812 1069 omnibus
844 1005 1049 1082 obediebant,
1079 1006 1175 1069 etad
1205 1007 1303 1092 ipsius

148 1108 266 1158 nutum
277 1094 385 1156 omnia
397 1091 580 1155 monasterii
591 1091 694 1157 officia
710 1092 907 1178 pendebant.
958 1094 1061 1177 Super
1076 1092 1183 1157 omnia
1196 1109 1304 1159 tamen

152 1180 319 1266 Episcopo
331 1182 431 1269 regiae
444 1193 600 1243 matronae
610 1181 761 1268 religiosa
773 1182 977 1245 conversacio
987 1182 1218 1265 complacebat,
1231 1206 1304 1269 quae

148 1269 237 1332 illam
254 1282 361 1333 mente
377 1268 513 1354 amplius
529 1291 624 1354 quam
647 1291 781 1352 corpore
798 1269 981 1336 decorabat.
1031 1269 1121 1332 Hinc
1146 1290 1223 1353 ergo
1244 1271 1305 1333 ibit

149 1357 239 1445 quod
253 1357 431 1441 predictam
448 1355 588 1440 puellam
615 1357 726 1444 regina
750 1360 782 1420 in
808 1379 865 1420 sua
889 1358 1036 1421 custodia
1057 1355 1179 1432 habuit,
1209 1359 1305 1422 etad

148 1443 279 1509 libitum
294 1447 460 1531 utriusque
476 1467 613 1530 quaeque
639 1444 841 1509 delectabilia
865 1445 996 1529 adipisci
1026 1443 1212 1528 promeruit.
1260 1446 1304 1508 Et

150 1532 228 1620 quia
250 1544 368 1597 natura
383 1555 455 1597 suas
470 1533 558 1615 leges
576 1535 740 1616 praeterire
756 1556 819 1596 non
835 1533 950 1615 potuit,
975 1538 1091 1596 novem
1106 1534 1175 1618 jam
1190 1533 1305 1596 meusi-

150 1621 211 1686 bus
228 1621 360 1699 exactis,
388 1621 498 1707 puella
514 1620 646 1684 ulterius
676 1623 790 1685 foetum
815 1622 918 1686 celare
948 1644 1015 1684 nou
1045 1621 1157 1689 valuit.
1206 1620 1306 1686 Unde

150 1707 328 1774 secundum
355 1721 480 1794 tempus
504 1723 628 1773 naturae
656 1709 876 1796 conceptionis
898 1709 1012 1774 foetum
1029 1708 1141 1788 edidit,
1159 1719 1192 1775 et
1208 1707 1305 1774 virilis

153 1819 253 1865 sexus
268 1820 404 1883 puerum
418 1797 600 1885 parturivit.

611 2111 728 2192 [cnr.
756 2110 848 2198 Vra]

201 2338 268 2406 Sed
295 2340 393 2403 modo
419 2339 462 2404 ad
487 2342 616 2428 majoris
647 2340 870 2405 admiracionis
897 2339 1052 2430 gaudium
1082 2343 1305 2428 pervenianus.

155 2428 242 2494 Nam
258 2427 290 2491 in
307 2430 395 2493 cunis
413 2429 513 2493 infans
531 2431 600 2515 jam
617 2443 710 2494 natus
726 2431 902 2494 collocatus
919 2442 989 2506 est;
1014 2442 1185 2518 tantusque
1202 2432 1308 2516 fulgor

156 2516 309 2582 claritatis
326 2539 455 2580 omnem
483 2518 588 2582 locum
605 2519 706 2604 ipsum
731 2518 997 2597 circumdederat,
1022 2520 1110 2606 quod
1136 2543 1204 2606 prae
1231 2521 1309 2585 lueis

155 2604 264 2670 nimiae
281 2604 452 2688 splendore
468 2608 522 2670 vix
537 2608 704 2695 quisquam
721 2607 842 2694 aliquid
857 2607 974 2672 intueri
990 2608 1190 2693 praevaleret.
1223 2609 1309 2673 Nam

155 2692 267 2757 vicinis
283 2694 473 2782 quibusque,
492 2707 524 2760 et
540 2719 629 2761 secus
642 2696 765 2782 positiS,
780 2710 847 2760 tota
859 2696 972 2759 domus
985 2697 1160 2781 putabatur
1174 2697 1309 2760 flammis

155 2781 291 2847 absumi.
341 2783 523 2847 Accurruut
533 2786 641 2872 itaque
654 2786 783 2871 quique,
798 2797 834 2846 ut
847 2784 936 2866 ignes
947 2783 1059 2846 edaces
1071 2783 1309 2867 extinguerent;

157 2871 215 2935 sed
230 2871 307 2936 illuc
323 2870 553 2956 pervenieptcS,
571 2888 604 2937 et
620 2896 688 2936 rem
710 2871 896 2956 diligentius
913 2883 1113 2948 contuentes,
1139 2870 1248 2935 omnia
1262 2871 1310 2934 in-

158 2970 250 3044 tegra
265 2972 298 3025 et
314 2961 354 3024 ab
370 2959 444 3042 igne
457 2958 547 3026 illesa
562 2963 761 3025 invenerunt.
800 2960 851 3023 Eo
868 2973 1012 3042 temporo
1030 2959 1207 3044 Episcopus
1224 2959 1310 3023 solus

158 3047 293 3131 pervigil
309 3047 343 3111 in
365 3050 510 3112 oratioue
538 3049 733 3126 substiterat,
759 3061 792 3111 et
816 3048 847 3109 in
861 3049 1004 3111 oratorio
1020 3071 1146 3133 pernox
1162 3048 1312 3113 orationi.

158 3134 219 3200 bus
243 3136 367 3201 devotis
393 3159 427 3200 se
448 3159 543 3222 supra
570 3163 604 3202 se
633 3138 791 3202 elevabat.
848 3135 911 3198 Dei
935 3137 1034 3224 igitur
1055 3136 1248 3201 revelatione
1272 3135 1313 3200 de

158 3225 252 3310 pueri
281 3224 447 3289 nativitate
479 3228 704 3305 commonituS,
742 3239 776 3290 et
816 3224 942 3286 luminis
972 3227 1132 3309 repentini
1167 3223 1313 3288 admirali

160 3317 239 3398 [sic]
266 3312 412 3377 claritate
428 3315 584 3398 perfusus,
611 3315 718 3379 statim
742 3315 783 3378 de
810 3315 1004 3377 monasterio
1021 3313 1245 3401 progreditur3
1270 3325 1313 3390 et,

159 3401 237 3485 quid
248 3401 407 3465 Dominus
424 3405 499 3466 novi
516 3427 613 3488 super
628 3418 745 3467 terram
758 3403 958 3479 ostendisset,
970 3402 1065 3465 anxie
1076 3414 1315 3487 percunctatur.
1382 3455 1386 3462 .

163 3487 350 3577 Vidensque
381 3491 585 3576 quiadomus
616 3504 685 3555 tota
714 3491 841 3580 ignibus
856 3490 1086 3572 conflagrabat,
1118 3512 1177 3554 nec
1207 3502 1316 3555 tamen

161 3574 331 3663 ignivomis
348 3579 520 3663 vaporibus
536 3582 688 3664 absorpta
706 3582 735 3641 in
752 3579 859 3665 aliquo
875 3577 940 3640 lesa
952 3578 1122 3663 deperiret,
1139 3601 1200 3665 pro
1216 3592 1316 3643 tautae

162 3663 312 3729 novitatis
327 3665 481 3730 miraculo
497 3669 609 3732 laudes
626 3668 771 3731 Domino
789 3666 994 3751 jubilaciouis
1012 3666 1161 3732 exsolvit.
1209 3666 1317 3731 Nichil

163 3763 270 3816 tamen
286 3776 407 3817 novum
423 3757 510 3842 quod
532 3759 566 3819 iu
582 3757 693 3841 spiritu
719 3767 862 3818 senserat
878 3753 1083 3842 promulgare
1100 3756 1150 3819 vel
1166 3757 1318 3842 detegere

164 3839 223 3904 sub
238 3839 446 3907 festinacione
458 3844 594 3909 volebat.
642 3842 741 3908 Unde
752 3866 829 3905 mox
840 3842 880 3904 ad
892 3863 1000 3930 regem
1012 3843 1160 3908 clanculo
1172 3841 1316 3917 accessit,

164 3940 197 3993 et
218 3928 310 4010 pueri
325 3953 427 4015 nuper
442 3930 475 3994 in
492 3955 593 4020 regno
605 3931 704 4019 ipsius
719 3932 785 3995 nati
802 3930 1017 4014 adopcionem
1034 3931 1102 3997 dari
1119 3929 1178 3994 sibi
1194 3941 1226 3993 et
1242 3929 1319 3993 edu·

164 4015 328 4082 cacionem
353 4019 499 4104 promitti
526 4022 622 4104 peciit
650 4031 683 4083 et
707 4019 842 4104 accepit.
890 4018 998 4082 Niclril
1023 4042 1154 4106 prorsus
1170 4016 1320 4102 cuiquam

165 4125 207 4169 ex
222 4103 283 4168 hiis
295 4108 454 4191 aperiens,
483 4108 584 4193 magis
600 4108 722 4173 studuit
736 4107 850 4171 divinis
866 4129 978 4191 parere
994 4107 1132 4172 consiliis
1155 4127 1251 4192 quam
1268 4126 1320 4166 su-

165 4190 250 4277 peris
265 4195 426 4259 contraire
441 4198 609 4261 mandatis.
660 4197 777 4261 Secum
793 4210 899 4260 tamen
915 4210 1031 4261 cuneta
1046 4191 1230 4259 meditando
1245 4212 1320 4273 per·

166 4293 318 4359 tractans,
332 4282 440 4347 statim
455 4285 599 4370 reginam
619 4285 771 4351 secretius
795 4283 882 4362 adiit,
907 4298 940 4349 et
956 4282 1066 4348 durius
1093 4277 1320 4370 conquerendo

168 4388 241 4454 quae
257 4368 511 4451 videratcunota
534 4372 683 4440 retexuit.
