2888 5018
469 445 580 496 nanis
608 447 826 497 nnrnonun.
990 425 992 429 ’
1175 433 1224 511 27

74 626 137 692 per
149 606 261 670 decem
271 617 305 670 et
316 617 438 690 septem
454 627 554 670 annos
568 606 700 671 viderat.
748 607 866 670 Manbs
878 629 1007 694 quoque
1016 607 1226 672 valitudinem

75 693 163 758 adeo
193 691 386 778 perdiderat,
411 705 448 756 ut
473 714 532 756 nec
559 693 676 778 digitos
699 693 876 758 extendere
901 707 1020 778 posset,
1044 717 1102 758 nec
1126 694 1226 779 pugni

77 780 226 866 ejusdem
236 779 310 843 vola
325 780 342 844 *a
353 779 498 843 molestia
509 781 664 864 unguium
677 803 747 844 eam
760 779 984 845 miserabiliter
994 780 1228 864 perforantium

78 889 193 931 secura
209 880 304 930 esset.
351 864 422 930 Nec
432 867 502 951 jam
517 867 619 930 solrim
636 889 701 930 non
717 867 932 931 auxiliabatur
944 867 1071 952 corpori
1085 891 1143 931 suo
1160 890 1228 930 ma·

78 976 140 1018 nus
156 953 211 1016 illa
229 964 436 1037 praemortua,
455 975 565 1016 verum
582 953 679 1017 etiam
696 953 821 1018 sibimet
840 953 900 1039 ipsi
919 955 1060 1038 graviter
1077 955 1227 1018 nocebat.

82 1039 172 1105 Pede
188 1038 410 1103 nichilominus
426 1039 567 1103 arefacto
580 1063 617 1103 ac
630 1039 817 1104 deformiter
827 1053 1007 1118 recurvato,
1020 1040 1065 1104 ita
1075 1054 1145 1104 toto
1158 1063 1228 1105 cor·

79 1149 160 1212 pore
170 1125 284 1189 mulier
298 1125 368 1191 haec
381 1125 498 1189 inutilis
513 1125 599 1190 sacta
613 1140 692 1204 erat,
705 1141 740 1190 ut
755 1150 956 1214 nequaquam
969 1128 1037 1190 sola
1051 1151 1084 1192 se
1101 1127 1227 1191 deloco

79 1235 225 1290 movere,
249 1234 405 1299 nusquam
427 1212 486 1276 nisi
510 1213 633 1277 baculis
660 1214 911 1278 sustentantibus
934 1214 1085 1298 progredi
1108 1227 1227 1297 posset.

85 1299 236 1374 Quadam
259 1298 354 1384 igiter
376 1311 471 1363 nocte
494 1312 567 1383 post
587 1300 694 1363 solitas
716 1322 828 1383 preces
850 1300 1058 1385 lacrimasque
1086 1299 1228 1365 Domino

81 1385 179 1464 fusas,
191 1385 222 1448 in
237 1385 323 1450 lecto
335 1408 393 1449 suo
408 1385 605 1462 dormitanti,
623 1385 750 1470 quidam
768 1386 857 1449 mirae
872 1385 1115 1470 pulchritudinis
1130 1386 1228 1450 homo

82 1494 259 1558 purpuram
275 1485 442 1558 vestesque
457 1472 562 1555 regias
585 1471 726 1548 indutus,
743 1486 840 1556 prout
856 1472 916 1536 sibi
932 1472 1111 1549 videbatur,
1128 1472 1230 1536 astitit

83 1559 205 1625 dicens.
252 1560 393 1643 “Surge
416 1558 541 1634 mulier,
558 1580 652 1623 manc
675 1558 772 1635 facto,
790 1572 823 1622 et
846 1559 888 1623 ad
904 1558 1010 1622 villam
1027 1581 1138 1645 usque,
1178 1582 1230 1622 uae

86 1645 317 1732 Tynemudtha
336 1645 464 1721 dicitur,
486 1645 649 1731 quomodo
663 1644 783 1729 poteris
806 1648 973 1730 pervenire
992 1647 1113 1710 labora.
1198 1646 1231 1710 bi

85 1731 117 1797 in
141 1731 274 1796 ecclesia
297 1733 408 1796 Beatae
434 1731 574 1814 Virginis
598 1732 713 1795 Mariae
736 1732 907 1832 requiescit
936 1733 1070 1796 Sanctus
1101 1733 1175 1796 Rex
1198 1747 1231 1797 et

86 1817 215 1903 Martyr
233 1817 390 1895 Oswinus,
404 1818 493 1902 cujus
507 1818 697 1883 venerandae
712 1818 867 1902 passionis
880 1832 913 1882 et
926 1819 1137 1883 translationis
1149 1819 1232 1883 festa

84 1918 158 1990 post
173 1918 237 1968 tres
254 1904 448 1970 ebdomadas
464 1905 568 1968 annua
583 1906 755 1969 devotione
779 1905 970 1968 reiterandae
986 1918 1090 1968 sunt·
1117 1905 1231 1991 Ibique

85 1991 207 2056 meritis
222 2013 260 2055 ac
282 1990 429 2075 precibus
450 1990 594 2074 ejusdem
618 1992 693 2054 Deo
709 1991 797 2074 digni
822 1991 976 2078 Martyris
998 1991 1097 2054 habes
1113 1991 1229 2068 sanari,

86 2077 146 2141 uisi
166 2078 298 2142 credere
314 2092 346 2141 et
363 2078 404 2141 ad
425 2078 542 2140 sestum
559 2077 667 2140 venire
691 2077 896 2141 tardaveris.”
944 2077 1014 2140 Nec
1036 2078 1129 2161 plura
1144 2079 1233 2141 locu-

88 2178 149 2241 tus,
167 2164 333 2250 disparuit.
382 2164 545 2247 Evigilans
557 2163 665 2249 itaque
675 2164 804 2240 femina,
817 2176 848 2226 et
865 2164 907 2226 ob
922 2163 1106 2249 hujusmodi
1118 2187 1232 2228 vocem

87 2250 277 2328 exhilarata,
297 2263 411 2335 utpote
435 2251 662 2334 recuperandae
684 2250 795 2314 salutis
818 2250 944 2334 cupida,
962 2264 1034 2314 orto
1057 2251 1124 2316 sole
1147 2251 1233 2315 sacta

88 2349 138 2402 est
154 2338 254 2400 omnis
270 2360 369 2400 morae
385 2337 500 2400 nescia.
555 2337 703 2423 Cumque
724 2336 846 2401 bacillis
870 2337 979 2401 innixa
993 2338 1084 2401 vultu
1101 2361 1230 2416 cernuo,
1331 2355 1333 2358 ’

89 2425 144 2488 illo
159 2447 219 2488 suo
234 2446 323 2488 more
338 2446 451 2508 repere
473 2424 580 2508 potius
595 2447 690 2510 quam
714 2424 887 2509 procedere
910 2439 1049 2509 pararet,
1067 2425 1140 2489 ilico
1155 2425 1235 2489 divi·

89 2510 175 2575 nitus
190 2523 226 2574 ut
241 2510 408 2575 fatendum
420 2523 468 2574 est
484 2511 605 2594 adjuta,
623 2512 718 2574 solito
734 2535 767 2574 se
784 2511 981 2590 alacriorem,
994 2525 1026 2576 et
1042 2512 1083 2574 ad
1098 2535 1234 2596 pergen-

89 2598 168 2664 dum
182 2596 354 2661 firmiorem
369 2596 464 2660 fuisse
483 2598 656 2661 asserebat.
703 2596 916 2684 Nequaquam
933 2612 1041 2662 tamen
1056 2599 1097 2661 ad
1120 2598 1235 2682 praefa-

91 2698 160 2750 tum
183 2683 420 2760 monasterium,
442 2685 529 2768 quod
555 2707 621 2747 non
643 2684 745 2748 multo
769 2685 838 2769 plus
860 2683 1027 2747 duodecim
1050 2684 1191 2747 miliariis
1215 2707 1235 2746 a

92 2771 257 2837 Dunelmo
272 2770 402 2834 civitate
418 2770 525 2848 distat,
543 2784 619 2834 ante
643 2783 707 2834 tres
723 2770 914 2855 septimanas
936 2769 1130 2832 incommodi
1142 2770 1236 2832 nimi-

91 2870 179 2924 etate
195 2858 338 2935 detenta,
356 2859 536 2941 pervenisse
553 2856 662 2920 valuit.
711 2857 834 2941 Cumqe
850 2855 904 2918 vix
919 2866 1049 2939 peracto
1064 2855 1177 2920 itinere
1193 2856 1235 2920 ad

94 2945 222 3031 'synam
237 2943 369 3007 fluvium
392 2943 598 3028 pervenisset,
617 2942 696 3005 vidit
718 2942 880 3006 hominem
897 2941 928 3004 in
949 2941 1067 3006 litorali
1090 2942 1236 3006 navicula

92 3031 297 3108 residentem,
315 3043 347 3093 et
371 3044 523 3117 tanquam
539 3052 609 3094 eam
626 3029 796 3109 diligenter
811 3029 855 3093 ibi
870 3030 1119 3114 praestolantem.
1169 3028 1234 3104 Qui

92 3118 171 3183 dicit
186 3117 242 3182 illi.
275 3116 409 3182 “Visne
425 3118 485 3181 hac
502 3117 634 3180 transire
645 3118 680 3180 ?''
729 3116 791 3181 Cui
807 3115 872 3194 illa,
888 3126 910 3157 ‘⁶
921 3117 1013 3180 volo''
1030 3117 1143 3203 inquit,
1163 3127 1184 3158 “
1198 3140 1235 3181 ac

93 3205 229 3290 supplex
240 3203 274 3267 id
289 3204 457 3288 deposco.”
506 3205 549 3267 Et
564 3204 730 3280 accedens,
744 3204 842 3268 intrat
857 3205 996 3269 lembum
1012 3217 1045 3267 et
1058 3218 1235 3269 transeunt.
1309 3259 1314 3267 „

98 3291 182 3366 Quoe
196 3313 270 3355 cum
285 3291 424 3355 audisset
443 3291 620 3355 Beatissimi
640 3291 737 3375 Regis
754 3307 786 3355 et
803 3291 956 3376 Martyris
976 3290 1096 3354 Oswini
1111 3291 1238 3356 solemi-

94 3391 194 3443 tatem
209 3378 240 3441 in
256 3377 394 3442 crastino
409 3377 461 3442 die
478 3401 547 3442 esse
567 3378 801 3454 celebrandam,
819 3400 883 3442 non
902 3377 1107 3442 mediocriter
1129 3379 1239 3462 gavisa

94 3465 136 3533 ad
150 3465 377 3529 monasterium
398 3479 560 3550 properat.
608 3465 651 3528 Et
667 3488 707 3529 ne
721 3466 738 3529 a
754 3464 957 3528 multitudine
973 3464 1148 3543 hominum,
1166 3489 1239 3549 gra·

95 3551 140 3616 tii
153 3550 334 3616 festivitatis
346 3575 386 3615 eo
401 3552 616 3638 undicumque
632 3551 840 3628 affluentium,
858 3564 1056 3635 premeretur
1068 3554 1119 3617 vel
1133 3553 1239 3639 inqui-

95 3651 247 3716 etaretur,
260 3638 345 3702 sacta
355 3638 500 3702 oratione
512 3639 553 3701 ad
565 3638 767 3722 sepulchrum
785 3638 894 3702 Sancti
911 3638 1076 3724 Martyris,
1087 3640 1236 3724 prudenti

94 3725 228 3789 consilio
239 3725 369 3790 secessit
383 3725 417 3788 in
430 3725 579 3789 locellum
596 3725 754 3810 quendam
771 3725 933 3801 ecclesiae3
949 3725 1057 3812 ibique
1066 3726 1237 3812 separatim
1338 3796 1339 3799 Ἴ

95 3811 233 3876 orationi
254 3835 378 3890 vacans,
396 3826 430 3876 et
455 3812 520 3876 Dei
542 3811 791 3875 misericordiam
814 3835 887 3875 cum
903 3811 1028 3877 silentio
1051 3826 1235 3897 expectans,

94 3898 234 3984 suspiriis
256 3900 296 3963 ab
320 3901 385 3962 imo
407 3912 538 3983 pectore
561 3898 675 3976 ductis,
692 3899 850 3982 plorabat,
874 3899 1016 3982 geminas
1040 3900 1174 3964 tendens
1196 3898 1238 3962 ad

94 4008 109 4047 s
131 3985 210 4050 dcra
223 3985 353 4071 palmas.
402 3986 544 4071 Populus
559 3998 667 4048 autem
683 3986 918 4050 innumerabilis
933 3987 1187 4061 circumastabat,
1205 3996 1239 4048 et

97 4007 239 4139 domino
262 4071 471 4156 supplicabat,
488 4086 525 4136 ut
548 4095 619 4136 eam
642 4071 690 4135 sui
714 4073 868 4158 Martyris
891 4075 1037 4158 precibus
1061 4085 1093 4136 et
1115 4070 1238 4135 meritis

96 4180 207 4224 sanare
223 4159 420 4243 dignaretur.
470 4159 558 4234 Quid
573 4181 681 4222 moror
695 4158 727 4222 in
743 4159 862 4223 multis.
909 4161 1070 4243 Tempore
1084 4158 1153 4241 jam
1169 4180 1239 4222 ves·

96 4245 221 4330 pcrtino
245 4245 491 4332 propinquante,
516 4245 613 4330 coepit
629 4245 743 4309 mulier
766 4246 933 4311 sanitatem
954 4244 1107 4328 recipere.
1154 4243 1239 4308 Mox

96 4354 174 4417 ergo
198 4332 263 4396 Dei
279 4331 396 4395 virtute
413 4332 548 4397 mirabili
572 4332 757 4396 mirabiliter
780 4344 943 4416 operante,
957 4352 1071 4413 corpus
1086 4330 1142 4395 diu
1165 4354 1240 4395 con-

97 4430 233 4485 tractum
261 4417 384 4484 ossibus
410 4433 444 4483 et
469 4421 574 4484 nervis
601 4418 758 4504 perditam
779 4418 842 4482 vim
867 4415 1100 4502 recipientibus,
1125 4418 1242 4484 mirum
