2888 5018
549 406 688 460 senen
715 408 952 463 coruscam.
1268 402 1319 482 79

163 564 311 645 favente,
336 566 486 631 virtutem
509 567 541 630 in
567 578 726 633 mortuam
743 571 899 635 aviculam
915 571 1075 637 viventem
1090 574 1313 658 recipiamus.”

168 652 298 729 Quintis
322 655 425 732 dictis,
449 677 525 719 mox
549 657 614 720 avis
643 674 771 721 mortua
793 658 901 722 vivens
917 681 950 723 se
966 662 1078 738 erexit,
1097 685 1133 725 ac
1150 685 1238 726 more
1253 663 1314 729 sibi

163 743 331 829 quondam
361 743 456 807 solito
476 744 592 828 jocari,
618 745 740 820 exilire,
770 770 806 810 ac
833 748 1118 815 mansuetissimam
1145 772 1178 815 se
1194 752 1314 817 cunctis

162 830 332 908 exhibere,
356 831 478 917 populo
494 849 659 916 spectante
674 857 711 898 ac
728 834 873 912 mirante,
890 836 999 922 coepit.

602 1194 721 1273 [cre.
740 1194 875 1275 xxia]

177 1400 302 1500 ⁸'l'unc
328 1406 434 1503 puella
462 1416 602 1489 Brinida,
629 1418 670 1480 ad
698 1440 833 1501 puerum
860 1440 1022 1496 conversa,
1040 1419 1094 1487 ait.
1143 1412 1308 1508 “Opuer

159 1504 376 1582 dilectissime,
409 1529 478 1581 nos,
507 1472 579 1569 lieo
604 1503 805 1591 providente,
835 1506 970 1590 expedit
995 1504 1077 1571 nunc
1104 1506 1307 1596 interpositas

159 1594 305 1657 nationes
334 1594 433 1673 adire.
493 1593 577 1656 Nam
607 1610 637 1655 te
668 1592 780 1679 Anglis
805 1592 835 1654 in
863 1596 986 1658 oriente
1012 1594 1107 1679 hujus
1136 1600 1306 1681 provinciae

159 1680 304 1745 oriundis
332 1681 492 1746 Dominus
520 1680 704 1756 destinavit,
732 1703 784 1744 me
809 1696 916 1745 autem
944 1683 1195 1749 occidentalibus
1213 1694 1306 1771 terrae

161 1762 422 1853 Hybernensiurn
446 1767 561 1832 accolis
577 1770 779 1832 reservavit.”
804 1830 807 1835 ,
827 1769 1104 1857 Consolantesque
1119 1796 1153 1836 se
1169 1790 1201 1838 et
1217 1777 1306 1841 abin·

158 1857 261 1920 vicem
285 1850 458 1939 decessere,
483 1879 541 1919 nec
565 1878 634 1918 sese
657 1840 862 1940 postmodum
887 1856 919 1919 in
942 1881 1039 1921 carne
1060 1859 1201 1924 viventes
1219 1844 1305 1928 ride·

157 1960 244 2012 runt.
293 1934 505 2008 Postmodum
531 1966 606 2006 vcro
630 1965 693 2007 una
716 1959 904 2008 commatre
920 1968 998 2029 puer
1014 1945 1054 2009 ad
1070 1945 1214 2025 insulailr,
1231 1973 1304 2037 quae

159 2029 217 2115 Hy
245 2031 372 2109 dicitur,
398 2033 560 2117 profectus
585 2045 651 2106 est3
676 2031 730 2093 ubi
755 2026 938 2116 aliquandiu
959 2026 1031 2095 cum
1057 2033 1212 2121 religiosis
1229 2030 1303 2101 iilis

156 2114 217 2181 loci
241 2109 324 2183 illius
348 2133 555 2183 conversatus·
577 2133 634 2181 est.
683 2117 793 2181 Ma'tet
808 2137 915 2182 autern
933 2121 1033 2202 pueri,
1052 2123 1127 2206 quia
1142 2122 1222 2186 duos
1238 2127 1301 2189 fra·

158 2219 221 2268 tres
242 2230 414 2294 germanos
433 2207 606 2270 Pontifices
632 2205 664 2268 in
691 2209 856 2290 provincia
875 2208 1059 2270 Scottorum
1077 2209 1201 2288 habuit,¹
1226 2213 1300 2277 Deo

155 2293 343 2378 inspirante,
370 2295 410 2358 ad
437 2294 621 2358 invisendos
645 2294 714 2355 illos
739 2296 783 2357 ire
799 2295 966 2378 disposuit.
1016 2295 1164 2383 Uterque
1181 2305 1301 2366 etenim

156 2380 188 2444 in
218 2382 326 2446 Scotia
358 2383 518 2467 Episcopii
543 2382 653 2445 sedem
679 2381 799 2448 habuit.
852 2381 996 2454 Quorum
1013 2406 1095 2447 unus
1115 2386 1297 2468 Meldanus,

155 2468 236 2533 alter
258 2492 336 2534 vero
360 2470 504 2534 Eatanus
528 2470 711 2555 vocabatur.
763 2472 864 2533 Soror
886 2470 985 2557 igitur
1006 2494 1117 2535 eorum
1141 2498 1300 2542 unacum

155 2555 297 2641 ipsorum
320 2581 435 2642 nepote
452 2558 508 2619 illo
523 2560 737 2641 properanter
752 2552 840 2629 abiit,
857 2573 890 2621 et
907 2560 1014 2621 omnia
1029 2583 1102 2645 quae
1118 2564 1152 2624 in
1168 2565 1234 2628 vita
1250 2567 1300 2629 vel

155 2642 256 2709 invia
280 2647 323 2709 eis
344 2647 554 2732 contigerant,
574 2662 720 2729 patenter
744 2646 901 2728 exposuit.
949 2646 1114 2709 lntimavit
1130 2665 1236 2713 autem
1253 2655 1298 2716 eis

154 2754 187 2796 se
211 2748 320 2796 votum
349 2733 458 2797 fecisse
476 2734 668 2796 Sanctorum
687 2733 916 2817 Apostolorum
929 2731 1016 2795 Petri
1032 2745 1065 2796 et
1086 2735 1175 2797 Pauli
1191 2737 1300 2802 limina

153 2816 288 2903 invisere
315 2814 517 2905 disposuisse,
534 2834 566 2883 ct
594 2819 687 2904 liujus
713 2822 776 2882 voti
793 2818 948 2903 compede
965 2836 998 2880 et
1014 2804 1183 2898 desiderio,
1201 2826 1297 2897 etiam

152 2924 323 2995 antequam
348 2909 389 2971 de
406 2904 551 2971 Ybernia
567 2907 680 2981 eitiret',
700 2930 732 2969 se
749 2928 855 2969 coram
882 2905 945 2969 Dei
959 2908 1129 2990 praesentia
1145 2909 1204 2973 sub
1220 2911 1298 2976 fidei

151 2994 272 3081 loedere
287 2995 442 3080 colligari.
493 2992 631 3082 Spiritus
656 2993 764 3058 Sancti
787 2993 926 3080 denique
942 2984 1058 3057 virtute
1075 2994 1297 3087 fratrnmlpe'c-

152 3097 222 3146 tora
237 3082 384 3160 docente,
402 3105 536 3168 puerum
555 3084 595 3145 de
611 3083 719 3146 matris
735 3083 855 3145 sinibus
872 3081 1024 3144 eductum
1041 3085 1220 3235 percipiunt
1230 3112 1239 3162 ;
1263 3102 1296 3151 et

1134 3195 1142 3234 1

149 3192 211 3270 pro
234 3174 315 3261 votis
338 3173 401 3255 suis
418 3166 641 3259 adimplendis,
658 3178 801 3233 sororem
817 3191 890 3256 quae
906 3171 1093 3235 decreverat

150 3272 335 3325 instructam
352 3258 441 3322 abire
457 3257 657 3343 permittunt.

1144 3172 1294 3260 ligenlius

570 3616 689 3699 [cae.
715 3616 867 3698 xxiia]

191 3842 343 3931 Episcopi
363 3845 462 3929 igitur
484 3838 656 3906 Meldarr'us
684 3853 716 3903 et
736 3839 878 3902 Eatenus
893 3848 1029 3926 puerum
1056 3844 1090 3907 in
1112 3856 1170 3910 sua'
1193 3850 1291 3912 susti.

167 3930 282 4008 isitres,
306 3932 432 3996 cuidam
450 3929 620 3995 Lodonico
640 3927 791 4015 religioso
806 3929 1012 3993 committunt
1028 3933 1114 3995 viro:
1139 3934 1194 3997 ubi
1210 3940 1291 4018 p'lt'e'r

143 3948 347 4085 liuthb'errus
374 4024 456 4084 inter
480 4031 663 4082 coaetaneos
689 4030 762 4078 cum¹
785 4016 988 4101 simplicitate
1003 4018 1124 4103 deguit.
1172 4020 1289 4090 Nullus

143 4107 292 4196 equidem
308 4102 391 4173 inter
414 4107 580 4171 consocios
597 4104 715 4181 mitior,
733 4103 780 4166 vel
793 4104 968 4188 jocundior
983 4128 1049 4171 esse
1066 4109 1171 4192 potnit
1178 4132 1188 4183 3
1212 4113 1288 4197 qnia

142 4192 226 4260 litter
241 4214 307 4259 suae
323 4195 428 4261 aetatis
443 4216 610 4281 compares
626 4194 714 4255 omni
729 4191 951 4257 delectationis
966 4198 1084 4278 geueie
1099 4218 1134 4258 se
1149 4194 1289 4267 libenter

142 4282 298 4352 exercuit.
346 4284 445 4352 Unde
458 4282 607 4347 omnibus
631 4282 664 4346 in
684 4280 807 4345 cunctis
829 4280 1033 4367 complacuit,
1050 4283 1125 4368 quia
1139 4287 1288 4356 omnibus

142 4366 177 4438 s'c'
200 4368 309 4437 oilmis
334 4395 393 4460 pro
421 4392 481 4437 suo
504 4392 599 4457 posse
622 4374 675 4438 vel
689 4373 808 4438 virtute
823 4369 981 4436 exhibuit.
1031 4367 1097 4443 Qui
1112 4370 1286 4459 aliqnando
