2820 4988
129 344 178 410 42
572 358 663 407 vrrs
693 356 833 407 oswius

130 520 240 586 Sancti
259 520 410 607 Martyris
429 520 561 600 Osttini,
574 537 608 585 et
620 521 695 585 ideo
705 521 747 586 ad
758 533 871 583 votnm
882 519 1072 585 solvendum
1084 545 1147 587 non
1156 525 1249 590 teneri.

128 608 349 674 Dissimularit
371 608 480 695 itaque
508 612 660 674 Sanctum
684 609 786 685 adire,
811 622 846 672 et
876 608 1090 675 incontinenti
1124 612 1176 677 die
1198 614 1251 699 ipsi

126 697 225 762 facies
239 699 309 781 ejus
323 697 366 761 ad
379 697 497 761 collum
511 713 562 762 est
576 697 800 762 miserabiliter
812 709 945 774 retorta,
962 710 996 760 et
1010 697 1100 763 facta
1112 715 1183 765 sunt
1193 723 1253 785 pos-

127 786 248 850 teriora
261 786 342 871 ejus,
359 789 470 872 pejora
482 786 653 870 prioribus.
698 785 836 871 impleta
853 784 984 848 tandem
998 785 1083 850 facie
1096 791 1165 877 ejus
1178 789 1254 873 igno-

127 874 235 952 minia
256 873 353 958 coepit
372 895 518 960 quaerere
536 897 652 939 nomen
669 872 812 949 Domini,
829 886 863 936 et
877 871 1062 957 proesidium
1082 875 1190 940 Sancti
1206 877 1255 942 Os-

127 962 213 1040 wini,
226 983 286 1047 pro
300 963 390 1047 cujus
408 976 595 1047 contemptu
609 962 773 1027 miserate
787 960 855 1046 pati
869 960 1038 1038 sentiebat,
1055 975 1090 1026 et
1105 978 1257 1050 contemp-

127 1066 197 1115 tum
220 1048 409 1135 poenitentia
433 1051 587 1115 resarcire
612 1051 664 1114 rel
689 1071 764 1114 sero
788 1050 966 1133 satagebat.
1024 1049 1114 1124 Quid
1139 1053 1258 1117 multa?

130 1139 279 1204 Tandem
297 1159 427 1202 suornm
445 1151 480 1202 et
498 1138 631 1203 consilio
649 1150 683 1202 et
700 1135 872 1225 adjutorio,
892 1137 934 1200 ad
959 1137 1069 1201 Sancti
1085 1141 1259 1205 memoriam

129 1227 248 1305 delata,
268 1225 386 1290 ibidem
405 1226 438 1289 in
456 1225 572 1311 vigiliis
589 1244 624 1291 et
643 1225 839 1290 orationibus
863 1246 970 1288 coram
988 1225 1133 1291 Martitis
1156 1229 1261 1293 scrinio

127 1330 245 1381 exacto
259 1314 379 1394 triduo,
398 1313 544 1378 sanitatis
558 1314 772 1399 integritatem
787 1312 929 1397 recipere
938 1316 1068 1392 meruit,
1085 1316 1128 1380 ad
1142 1317 1262 1381 landem

129 1420 163 1469 et
177 1404 310 1490 gloriam
330 1406 398 1489 ejns
416 1403 472 1490 qui
490 1403 584 1482 dixit,
607 1415 629 1445 ‘⁴
643 1402 836 1478 Percutiam,
852 1414 886 1464 et
901 1423 964 1484 ego
978 1403 1100 1466 sanabo
1110 1405 1139 1479 ;”
1168 1403 1262 1492 etqui

128 1515 188 1643 pag
188 1491 394 1643 dpropffipm
409 1492 450 1554 ad
431 1507 541 1642 Dgpta
558 1490 724 1555 reddenda
745 1490 893 1554 bortatur
913 1488 1035 1567 dicens,
1055 1500 1080 1531 “
1096 1492 1221 1562 Vovete
1234 1505 1262 1557 et

128 1602 164 1643 re
223 1594 255 1644 te
361 1601 415 1642 mo
519 1581 656 1643 vestro.”

130 1845 230 1911 CAP.
246 1844 567 1924 XXIX-Qrwlt'ter
580 1846 691 1907 altatis
704 1847 755 1907 sai
762 1852 966 1925 patrassentn
976 1844 1017 1907 ab
1026 1847 1113 1924 iqua}
1123 1848 1259 1922 incendo,

448 1953 508 2014 per
521 1953 589 1997 eum
603 1936 720 1995 intacta
727 1935 942 2013 permanserit.

175 2106 306 2172 Institor
320 2107 451 2193 quidam
467 2106 554 2170 Novi
568 2106 699 2172 Castelli
712 2106 883 2192 municeps,
896 2103 1027 2169 nomine
1041 2105 1265 2186 Faramannus,

133 2195 270 2258 Beatum
298 2194 419 2278 Regem
445 2208 477 2258 et
506 2194 684 2281 Martyrem
714 2194 880 2258 Oswinum
905 2193 1080 2257 affectuosa
1103 2195 1266 2282 diligebat.

133 2281 172 2344 In
190 2281 338 2345 omnibus
353 2281 485 2366 agendis
499 2282 540 2345 de
558 2281 698 2346 Gloriosi
717 2281 870 2368 Martyris
885 2279 1046 2368 adjutorio
1060 2304 1265 2366 praesumens,

129 2382 200 2433 erat
225 2369 376 2453 prosperis
399 2390 510 2458 agens.
556 2369 620 2433 Hic
645 2390 760 2432 navem
782 2369 965 2458 aliquando,
989 2368 1084 2432 variis
1110 2373 1267 2438 mercibus

128 2469 287 2532 onustam,
307 2457 349 2520 ad
368 2456 494 2609 Anglps
516 2458 682 2522 Australes
705 2456 843 2542 dirigere
865 2458 1047 2543 disponens,
1068 2459 1158 2542 prius
1181 2482 1268 2525 more

130 2544 225 2608 solito
253 2544 405 2609 Sanctum
470 2559 608 2632 artyrem
634 2545 734 2621 adiit;
761 2561 795 2610 et
822 2549 890 2633 ejus
916 2544 1066 2630 praesidio
1091 2569 1126 2611 se
1150 2571 1269 2636 suaque

130 2632 367 2712 commendans,
393 2633 555 2698 caudelam
580 2656 644 2698 non
670 2633 829 2698 modicam
852 2633 1053 2698 orbiculatim
1078 2633 1267 2714 involutam,

129 2721 224 2786 sacris
246 2721 399 2788 altaribus
421 2745 586 2787 accensam
609 2722 739 2808 optulit.
788 2723 871 2788 Inde
892 2722 926 2786 in
947 2720 1107 2786 officinam
1129 2725 1273 2789 sacristae

129 2832 202 2874 cum
231 2810 392 2875 sodalibus
422 2811 595 2889 divertens,
622 2825 737 2896 rogatu
764 2810 904 2875 sacristae
927 2808 1096 2873 refectioni
1126 2810 1269 2876 indulsit.

135 2897 293 2963 Custodes
308 2921 386 2963 vero
404 2899 587 2964 monasterii
607 2897 639 2962 in
658 2902 726 2986 ejus
744 2898 899 2985 obsequio
914 2897 1072 2982 occupati,
1094 2912 1217 2964 etcum
1231 2924 1270 2966 eo

130 2984 250 3070 paritet·
268 2985 391 3063 refecti,
409 2987 551 3051 candelas
566 3010 661 3072 super
675 2988 775 3052 altare
790 2987 930 3051 ardentis
945 2985 1037 3050 obliti
1052 3000 1138 3051 sunt.
1186 2989 1272 3054 Tan-

131 3073 204 3136 dem
220 3095 300 3136 unus
315 3095 426 3137 eorum
441 3075 584 3139 recolens
599 3076 723 3140 luminis
736 3096 799 3140 non
811 3074 945 3138 extincti
956 3073 1120 3152 incuriam,
1134 3076 1272 3140 accurrit

132 3160 242 3236 ocior;
265 3174 300 3226 et
317 3174 418 3226 totam
437 3177 474 3226 nt
492 3176 561 3227 erat
576 3165 752 3228 orbiculata
770 3164 946 3240 candelam,
968 3176 1002 3226 et
1018 3162 1161 3249 undique
1182 3166 1272 3230 flam-

132 3270 218 3312 mam
233 3249 454 3315 inexhaustam
469 3252 609 3336 repperit
620 3254 780 3338 jacentem
793 3275 801 3325 ;
817 3263 851 3315 et
866 3250 906 3314 de
919 3249 1031 3315 altario
1043 3252 1159 3335 raptim
1174 3276 1273 3318 excu-

134 3336 184 3400 tit.
234 3337 297 3401 Sed
319 3337 426 3404 altaris
448 3339 654 3405 lintheamina
676 3342 716 3405 ab
740 3337 820 3426 ignis
843 3339 943 3403 odore
957 3351 991 3403 et
1005 3338 1136 3402 laesione
1151 3340 1273 3406 intacta

134 3424 342 3508 conspiciens,
362 3428 505 3493 miraculi
525 3430 667 3494 novitate
686 3448 864 3514 percussus,
881 3439 1036 3491 convocat
1050 3440 1187 3491 caeteros
1203 3452 1273 3493 cus·

134 3511 226 3578 todes
238 3536 248 3588 3
274 3528 308 3579 et
331 3514 375 3579 eis
402 3515 558 3582 mirabilia
580 3539 646 3582 non
668 3517 770 3580 solum
792 3513 897 3579 verbis
920 3514 1069 3592 innotuit,
1093 3516 1151 3579 sed
1174 3516 1272 3582 etiam

134 3599 299 3665 oculorum
322 3602 517 3690 inspectione
540 3628 617 3670 vera
638 3626 707 3668 esse
730 3602 969 3687 comprobavit3
993 3615 1026 3667 et
1041 3602 1083 3666 ad
1097 3603 1273 3670 multorum

134 3687 279 3755 notitiam
302 3691 334 3754 in
357 3694 447 3759 brevi
475 3694 582 3759 Sancti
607 3691 759 3778 Martyris
782 3690 942 3769 meritum,
967 3713 1007 3756 ex
1031 3704 1097 3755 tam
1112 3694 1273 3777 stupendo

133 3778 219 3843 facto
234 3780 391 3865 pervenit.
438 3781 630 3846 Miraculum
645 3779 775 3866 quidem
791 3779 886 3857 istud,
904 3791 1058 3865 quantum
1073 3779 1116 3843 ad
1130 3780 1273 3845 historiae

132 3888 168 3932 su
193 3867 343 3947 erficiem,
367 3890 432 3934 non
455 3867 583 3932 iuferius
606 3891 645 3933 eo
668 3867 755 3954 quod
773 3864 912 3932 Gedeon
934 3866 967 3931 in
989 3868 1061 3932 ared
1075 3868 1158 3933 sicca
1172 3869 1275 3934 vellus

134 3889 241 4023 videre
256 3956 375 4023 meruit
389 3955 562 4022 madidum.
