2888 5018
459 420 570 470 nsars
597 421 814 471 nationum.
1160 405 1208 475 33

59 584 167 650 instra
181 583 352 660 decubans,
365 582 437 668 jugi
456 584 600 649 caecitate
615 597 648 649 et
670 585 812 649 omnium
826 585 1041 650 membrorum
1056 585 1207 651 continui

58 671 267 738 cruciabatur
278 669 477 754 aegritudine.
525 672 568 736 Et
583 671 713 737 medicis
726 672 911 759 desperatis
923 673 1052 758 jacebat
1068 673 1157 760 quasi
1174 673 1207 737 in

58 759 217 827 extremis
233 781 340 843 agens.
386 759 438 823 Ad
455 782 549 846 quem
573 774 676 825 mater
691 759 767 825 talia
788 761 889 825 fertur
910 760 1087 825 hortatoria
1108 764 1207 827 verba

59 847 175 915 salutis
202 846 333 912 fudisse.
381 855 403 886 ‘⁶
418 846 613 913 Miserabilis
639 848 695 927 fili,
723 848 801 936 quid
827 861 876 913 est
900 848 988 935 quod
1011 848 1043 911 in
1065 848 1206 915 medicos

58 958 194 1001 omnem
208 958 323 1019 erogas
338 934 561 1014 substantiam,
578 936 633 1023 qui
656 936 856 1001 medicorum
871 936 1027 1022 optimum
1053 938 1206 1001 Sanctum

64 1025 193 1109 Regem
209 1036 242 1086 et
268 1022 447 1108 Martyrem
463 1023 628 1088 Oswinum
644 1024 808 1089 dominum
829 1037 930 1103 tuum,
947 1024 1047 1089 habes
1068 1047 1207 1109 proesen-

64 1126 144 1177 tem.
191 1112 266 1195 Ipse
278 1133 343 1174 non
357 1109 526 1193 pecuniam
537 1112 595 1176 sed
608 1112 706 1176 fidem
720 1112 939 1198 languentium
949 1111 1095 1212 requirit.
1143 1113 1208 1178 Re-

58 1199 200 1265 cordare
212 1212 291 1287 quot
301 1211 334 1262 et
346 1211 465 1284 quanta
474 1221 622 1263 curarum
634 1199 791 1264 beneficia
802 1199 898 1265 etiam
908 1214 1026 1264 extens
1039 1212 1072 1264 et
1088 1199 1205 1289 ignotis

60 1287 214 1374 gentibus
237 1286 380 1350 crebrius
402 1299 556 1370 praestet3
580 1302 614 1352 et
636 1287 731 1352 crede
754 1287 829 1373 quia
851 1287 910 1352 tibi
933 1287 1107 1351 domestico
1135 1312 1204 1366 suo,

60 1375 123 1439 nisi
138 1374 220 1439 fides
236 1373 362 1439 modica
377 1373 583 1452 demeruerit,
598 1398 662 1441 non
677 1374 819 1463 negabit,
834 1375 921 1461 quod
936 1374 1022 1439 omni
1031 1375 1152 1439 nationi
1164 1376 1205 1440 de

63 1486 99 1528 se
114 1461 334 1549 proesumenti,
352 1475 417 1526 tarn
440 1460 524 1525 facili
539 1485 635 1548 qnam
657 1462 755 1526 celeri
777 1462 923 1548 indulget
944 1463 1095 1549 pietate.'’
1143 1463 1205 1528 His

62 1564 99 1616 et
124 1550 279 1615 similibus
301 1551 411 1614 matris
435 1549 565 1613 tandem
587 1550 795 1638 adquiescens
817 1550 956 1629 monitis,
975 1551 1017 1615 ad
1039 1550 1206 1616 ecclesiam

70 1638 178 1703 Sancti
203 1637 357 1723 Martyris
380 1660 414 1701 se
430 1637 547 1702 deferri
569 1639 724 1723 praecepit
746 1638 923 1723 languidus,
941 1651 973 1703 et
997 1653 1071 1704 ante
1097 1640 1207 1705 Sancti

68 1726 166 1791 altare
180 1725 299 1811 deponi
313 1750 321 1802 ;
345 1725 399 1791 ubi
419 1725 536 1810 pariter
555 1740 588 1791 et
604 1727 727 1790 delatus
742 1739 776 1791 et
795 1726 974 1791 deferentes
993 1726 1144 1791 orationis
1160 1730 1208 1792 in-

65 1813 192 1879 stantiae
218 1813 377 1892 insistunt,
406 1826 439 1877 et
465 1813 566 1879 multa
587 1836 717 1901 precum
740 1814 858 1900 pariter
877 1828 910 1879 et
932 1814 1008 1879 fidei
1031 1816 1208 1880 constantii

68 1902 223 1967 Sanctum
250 1901 373 1986 Regem
395 1914 430 1967 et
456 1902 633 1989 Martyrem
652 1902 817 1967 Oswinum
840 1925 898 1988 pro
922 1902 1027 1967 salute
1046 1902 1207 1988 desperati

66 1989 207 2055 Osberni
221 1989 363 2077 pulsant,
384 2004 418 2054 et
441 1989 493 2075 pia
516 1990 756 2075 importunitate
771 1991 918 2074 fatigant.
965 1989 1113 2053 Tandem
1136 2014 1207 2055 ora-

63 2077 207 2143 tionibus
223 2092 256 2142 et
271 2077 386 2162 vigiliis
401 2077 559 2142 continuis
577 2077 652 2142 fessi
675 2099 794 2155 omues,
811 2077 888 2142 inibi
903 2077 1108 2141 obdormiunt
1126 2101 1209 2163 prae-

63 2180 114 2230 ter
134 2166 443 2253 Osbernum,quem
459 2165 547 2250 jugis
566 2164 659 2228 dolor
674 2187 787 2229 somno
807 2165 973 2250 indulgere
993 2188 1058 2230 non
1077 2166 1209 2251 permit-

63 2255 168 2319 tebat.
207 2253 272 2327 Qui
290 2266 324 2318 ut
340 2266 409 2317 erat
425 2253 598 2317 destitutus
615 2252 694 2330 visu,
706 2266 739 2317 et
754 2253 879 2318 caeteris
894 2253 1045 2318 membris
1061 2255 1207 2320 omnibus

62 2341 236 2420 invalidus,
253 2341 413 2427 palpando
427 2363 555 2426 gressus
571 2364 645 2405 suos
660 2340 798 2426 dirigens
819 2341 861 2405 ad
876 2341 1063 2407 orientalem
1082 2357 1207 2428 partem

63 2429 184 2508 scrinii,
202 2429 234 2492 in
257 2453 321 2529 quo
341 2430 477 2494 Sanctus
492 2428 674 2580 repulescit,
699 2429 859 2515 pervenit3
875 2448 909 2494 et
931 2430 1030 2517 pedes
1049 2431 1207 2517 ymaginis

67 2517 180 2583 Sancti
191 2519 291 2601 Regis
304 2516 450 2581 devotiirs
462 2540 535 2602 amp
548 2540 640 2596 exus,
654 2518 834 2583 deosculari
850 2532 883 2582 et
898 2518 1035 2603 desuper
1049 2519 1208 2584 lacrimari

62 2629 132 2671 non
153 2605 287 2684 destitit,
305 2605 414 2670 dicens
433 2605 563 2683 Sancto,
581 2628 659 2670 voce
674 2606 804 2693 quidem
823 2605 899 2670 satis
914 2605 1039 2690 puerili,
1057 2606 1114 2670 sed
1132 2607 1209 2672 fidei

63 2693 316 2780 praesumptione
333 2693 443 2772 senile,
471 2703 493 2734 “
509 2693 579 2757 Hos
595 2693 694 2777 pedes
710 2706 783 2758 tuos
806 2693 1030 2779 ymaginarios,
1047 2692 1102 2778 qui
1117 2716 1209 2759 veros

63 2796 199 2870 tangere
222 2804 286 2844 non
308 2781 420 2858 merui,
437 2802 501 2844 non
523 2780 694 2857 dimittam,
718 2781 902 2880 priusquam
924 2779 1068 2843 sanitatis
1087 2780 1210 2864 optioni

65 2892 120 2934 me
143 2868 304 2948 restituas,
325 2869 397 2933 Rex
420 2882 454 2932 et
479 2868 605 2954 Martyr
631 2867 759 2932 Oswine
781 2868 952 2951 piissime?
1000 2866 1044 2930 Et
1062 2889 1136 2931 ecce
1159 2868 1209 2933 his

64 2957 172 3030 dictis,
189 2956 278 3044 quasi
294 2979 434 3044 squamae
450 2955 632 3020 ceciderunt
644 2956 684 3018 ab
700 2955 800 3019 oculis
816 2956 896 3039 ejus,
913 2967 947 3019 et
962 2953 1064 3018 visum
1071 2958 1140 3040 jam
1152 2979 1209 3042 per

65 3044 251 3133 quindecim
277 3045 345 3109 dies
372 3044 521 3109 amissum
545 3042 683 3128 recepit3
707 3057 740 3107 et
761 3043 863 3108 omnis
884 3042 1025 3128 corporis
1049 3044 1206 3123 molestia,

65 3133 160 3221 quasi
182 3132 286 3217 pulvis
302 3132 333 3195 in
354 3146 485 3196 ventum
509 3132 681 3217 projectus,
710 3131 875 3216 disparuit.
937 3131 1079 3196 Domum
1101 3146 1210 3198 autem

67 3244 142 3286 cum
166 3221 230 3285 suis
240 3224 308 3308 jam
331 3220 565 3305 expergefactis
581 3219 674 3284 laetus
697 3233 729 3283 et
752 3243 847 3284 sanus
863 3219 981 3295 rediit3
1009 3233 1041 3283 et
1059 3221 1209 3285 virtutem

71 3308 181 3373 Sancti
200 3308 352 3396 Martyris
365 3308 397 3371 in
413 3332 447 3372 se
464 3322 528 3372 tam
543 3307 791 3373 misericorditer
806 3322 983 3394 expertam,
1001 3308 1147 3374 omnibus
1164 3310 1211 3372 in-

63 3397 172 3462 notuit
191 3399 308 3484 quibus
321 3395 440 3482 potuit.

159 3661 259 3728 CAP.
283 3661 476 3726 XIX—De
498 3663 629 3811 quodlopt
652 3665 850 3810 ipcarcerato,
861 3679 920 3741 per
934 3659 999 3741 q'ca
1014 3662 1124 3724 merita

583 3772 593 3810 z
612 3769 664 3811 eru
678 3769 706 3810 0.

117 3921 278 4008 Tempore
304 3923 387 4007 regis
421 3922 574 4008 Stephani
607 3921 745 4010 Angliae,
777 3934 809 3984 et
843 3920 995 3985 Germani
1025 3920 1138 4006 prioris
1168 3922 1209 3986 de

72 4008 311 4096 Tynemudthb,
323 4011 456 4095 contigit
468 4010 555 4097 quod
569 4033 664 4073 narro
675 4008 871 4072 miraculum.
920 4009 993 4072 Fuit
1012 4009 1114 4073 Beato
1128 4008 1210 4093 Regi

68 4111 105 4163 et
116 4097 244 4163 Martiri
259 4098 400 4177 Oswino,
417 4121 497 4184 puer
512 4097 639 4184 quidam
655 4096 687 4160 in
702 4110 770 4161 arte
780 4095 921 4182 piscandi
936 4119 1064 4185 gnarus,
1083 4096 1208 4160 nomine

72 4187 267 4252 Leowricns.
316 4186 378 4251 Hic
401 4187 580 4273 aliquando,
599 4188 736 4250 instante
753 4186 898 4249 allecium
922 4184 1090 4270 piscaturi,
1108 4187 1209 4266 gratia

69 4274 214 4360 piscandi
229 4298 342 4339 navem
369 4277 478 4339 Sancti
498 4275 650 4360 Martyris
666 4274 920 4360 Scandeburgam
933 4273 1070 4345 direxit3
1087 4275 1210 4357 atquin

69 4365 102 4426 in
126 4364 259 4448 capturi
281 4365 414 4449 piscium
437 4364 601 4427 laxaverat
617 4365 707 4440 retia,
723 4376 757 4426 et
773 4383 884 4447 parum
900 4357 1114 4443 prendiderat,
1132 4360 1209 4424 dum

68 4472 194 4517 moram
223 4451 406 4517 nonnullam
435 4451 480 4516 ibi
510 4451 641 4528 laceret,
669 4452 787 4516 Comes
816 4448 995 4513 Cestrcnsis
1031 4446 1210 4514 llannull'us

631 4560 649 4601 c
