<?xml version="1.0" encoding="UTF-8"?>
<!DOCTYPE html PUBLIC "-//W3C//DTD XHTML 1.0 Transitional//EN"
    "http://www.w3.org/TR/xhtml1/DTD/xhtml1-transitional.dtd">
<html xmlns="http://www.w3.org/1999/xhtml" xml:lang="en" lang="en">
 <head>
  <title>
</title>
<meta http-equiv="Content-Type" content="text/html;charset=utf-8" />
  <meta name='ocr-system' content='tesseract 3.04.00' />
  <meta name='ocr-capabilities' content='ocr_page ocr_carea ocr_par ocr_line ocrx_word'/>
</head>
<body>
  <div class='ocr_page' id='page_1' title='image "./miscellaneabiog00raingoog_0090.png"; bbox 0 0 2888 5018; ppageno 0'>
   <div class='ocr_carea' id='block_1_1' title="bbox 528 391 1300 473">
    <p class='ocr_par' dir='ltr' id='par_1_1' title="bbox 528 391 1300 473">
     <span class='ocr_line' id='line_1_1' title="bbox 528 391 1300 473; baseline 0.009 -20"><span class='ocrx_word' id='word_1_1' title='bbox 528 397 668 453; x_wconf 73' lang='lat' dir='ltr'>amors</span> <span class='ocrx_word' id='word_1_2' title='bbox 693 397 933 455; x_wconf 73' lang='lat' dir='ltr'>euraccum.</span> <span class='ocrx_word' id='word_1_3' title='bbox 1252 391 1300 473; x_wconf 89' lang='lat'>71</span> 
     </span>
    </p>
   </div>
   <div class='ocr_carea' id='block_1_2' title="bbox 146 563 1304 824">
    <p class='ocr_par' dir='ltr' id='par_1_2' title="bbox 146 563 1304 824">
     <span class='ocr_line' id='line_1_2' title="bbox 146 563 1304 655; baseline 0.004 -22"><span class='ocrx_word' id='word_1_4' title='bbox 146 568 261 634; x_wconf 90' lang='lat' dir='ltr'>omnia</span> <span class='ocrx_word' id='word_1_5' title='bbox 286 564 425 650; x_wconf 83' lang='lat' dir='ltr'>diligens</span> <span class='ocrx_word' id='word_1_6' title='bbox 439 564 618 630; x_wconf 80' lang='lat' dir='ltr'><strong>absentiam</strong></span> <span class='ocrx_word' id='word_1_7' title='bbox 634 564 704 649; x_wconf 90' lang='lat' dir='ltr'>ejus</span> <span class='ocrx_word' id='word_1_8' title='bbox 718 563 774 629; x_wconf 83' lang='lat' dir='ltr'>vix</span> <span class='ocrx_word' id='word_1_9' title='bbox 789 583 1014 655; x_wconf 82' lang='lat' dir='ltr'>quemcunque</span> <span class='ocrx_word' id='word_1_10' title='bbox 1044 571 1125 652; x_wconf 78' lang='lat' dir='ltr'>[ita]</span> <span class='ocrx_word' id='word_1_11' title='bbox 1148 572 1304 638; x_wconf 90' lang='lat' dir='ltr'>sustinere</span> 
     </span>
     <span class='ocr_line' id='line_1_3' title="bbox 146 652 1303 749; baseline 0.007 -29"><span class='ocrx_word' id='word_1_12' title='bbox 146 654 266 743; x_wconf 88' lang='lat' dir='ltr'>potuit.</span> <span class='ocrx_word' id='word_1_13' title='bbox 306 652 512 739; x_wconf 89' lang='lat' dir='ltr'>Baptismatis</span> <span class='ocrx_word' id='word_1_14' title='bbox 527 675 606 719; x_wconf 90' lang='lat' dir='ltr'>vero</span> <span class='ocrx_word' id='word_1_15' title='bbox 622 666 821 718; x_wconf 87' lang='lat' dir='ltr'>sacramenta</span> <span class='ocrx_word' id='word_1_16' title='bbox 832 655 978 740; x_wconf 90' lang='lat' dir='ltr'>percepit</span> <span class='ocrx_word' id='word_1_17' title='bbox 986 655 1021 721; x_wconf 93' lang='lat' dir='ltr'>in</span> <span class='ocrx_word' id='word_1_18' title='bbox 1036 655 1164 725; x_wconf 88' lang='lat' dir='ltr'>civitate</span> <span class='ocrx_word' id='word_1_19' title='bbox 1179 683 1253 749; x_wconf 86' lang='lat' dir='ltr'>quae</span> <span class='ocrx_word' id='word_1_20' title='bbox 1263 663 1303 728; x_wconf 90' lang='lat' dir='ltr'>ab</span> 
     </span>
     <span class='ocr_line' id='line_1_4' title="bbox 146 740 955 824; baseline -0.001 -13"><span class='ocrx_word' id='word_1_21' title='bbox 146 745 194 812; x_wconf 92' lang='lat' dir='ltr'>eis</span> <span class='ocrx_word' id='word_1_22' title='bbox 213 740 458 810; x_wconf 85' lang='lat' dir='ltr'>Hartlbrechius</span> <span class='ocrx_word' id='word_1_23' title='bbox 482 747 535 823; x_wconf 89' lang='lat' dir='ltr'>[or</span> <span class='ocrx_word' id='word_1_24' title='bbox 550 741 813 824; x_wconf 83' lang='lat' dir='ltr'>Hartwrechins]</span> <span class='ocrx_word' id='word_1_25' title='bbox 826 740 955 811; x_wconf 86' lang='lat' dir='ltr'>dicitur.</span> 
     </span>
    </p>
   </div>
   <div class='ocr_carea' id='block_1_3' title="bbox 624 1054 830 1140">
    <p class='ocr_par' dir='ltr' id='par_1_3' title="bbox 624 1054 830 1140">
     <span class='ocr_line' id='line_1_5' title="bbox 624 1054 830 1140; baseline -0.005 -19"><span class='ocrx_word' id='word_1_26' title='bbox 624 1054 742 1136; x_wconf 70' lang='lat' dir='ltr'>[cnr.</span> <span class='ocrx_word' id='word_1_27' title='bbox 767 1055 830 1140; x_wconf 84' lang='lat' dir='ltr'>x]</span> 
     </span>
    </p>
   </div>
   <div class='ocr_carea' id='block_1_4' title="bbox 147 1277 1381 3396">
    <p class='ocr_par' dir='ltr' id='par_1_4' title="bbox 147 1277 1381 3396">
     <span class='ocr_line' id='line_1_6' title="bbox 194 1277 1304 1373; baseline 0.017 -31"><span class='ocrx_word' id='word_1_28' title='bbox 194 1277 350 1357; x_wconf 87' lang='lat' dir='ltr'>Quadam</span> <span class='ocrx_word' id='word_1_29' title='bbox 364 1300 443 1344; x_wconf 90' lang='lat' dir='ltr'>vero</span> <span class='ocrx_word' id='word_1_30' title='bbox 458 1277 522 1358; x_wconf 92' lang='lat' dir='ltr'>die,</span> <span class='ocrx_word' id='word_1_31' title='bbox 539 1277 617 1343; x_wconf 91' lang='lat' dir='ltr'>dum</span> <span class='ocrx_word' id='word_1_32' title='bbox 634 1278 825 1364; x_wconf 86' lang='lat' dir='ltr'>Episcopus,</span> <span class='ocrx_word' id='word_1_33' title='bbox 842 1302 933 1346; x_wconf 91' lang='lat' dir='ltr'>more</span> <span class='ocrx_word' id='word_1_34' title='bbox 958 1282 1235 1373; x_wconf 86' lang='lat' dir='ltr'>Hybernensinm,</span> <span class='ocrx_word' id='word_1_35' title='bbox 1252 1319 1304 1360; x_wconf 88' lang='lat' dir='ltr'>ar-</span> 
     </span>
     <span class='ocr_line' id='line_1_7' title="bbox 148 1367 1302 1463; baseline 0.014 -30"><span class='ocrx_word' id='word_1_36' title='bbox 148 1382 332 1433; x_wconf 86' lang='lat' dir='ltr'>mentorum</span> <span class='ocrx_word' id='word_1_37' title='bbox 355 1388 487 1433; x_wconf 91' lang='lat' dir='ltr'>suorum</span> <span class='ocrx_word' id='word_1_38' title='bbox 510 1367 606 1431; x_wconf 90' lang='lat' dir='ltr'>ovilia</span> <span class='ocrx_word' id='word_1_39' title='bbox 621 1368 782 1431; x_wconf 87' lang='lat' dir='ltr'>solitarius</span> <span class='ocrx_word' id='word_1_40' title='bbox 798 1368 956 1448; x_wconf 84' lang='lat' dir='ltr'>circuiret,</span> <span class='ocrx_word' id='word_1_41' title='bbox 981 1376 1116 1463; x_wconf 85' lang='lat' dir='ltr'>contigit</span> <span class='ocrx_word' id='word_1_42' title='bbox 1142 1392 1178 1443; x_wconf 89' lang='lat' dir='ltr'>ut</span> <span class='ocrx_word' id='word_1_43' title='bbox 1194 1404 1302 1450; x_wconf 90' lang='lat' dir='ltr'>secum</span> 
     </span>
     <span class='ocr_line' id='line_1_8' title="bbox 148 1454 1304 1543; baseline 0.015 -22"><span class='ocrx_word' id='word_1_44' title='bbox 148 1456 322 1543; x_wconf 90' lang='lat' dir='ltr'>puerulum</span> <span class='ocrx_word' id='word_1_45' title='bbox 345 1454 510 1542; x_wconf 84' lang='lat' dir='ltr'>spaciandi</span> <span class='ocrx_word' id='word_1_46' title='bbox 536 1454 647 1543; x_wconf 85' lang='lat' dir='ltr'>gracia</span> <span class='ocrx_word' id='word_1_47' title='bbox 677 1455 896 1521; x_wconf 87' lang='lat' dir='ltr'>conduxisset.</span> <span class='ocrx_word' id='word_1_48' title='bbox 943 1459 1072 1535; x_wconf 85' lang='lat' dir='ltr'>Quibus</span> <span class='ocrx_word' id='word_1_49' title='bbox 1098 1465 1175 1530; x_wconf 92' lang='lat' dir='ltr'>dum</span> <span class='ocrx_word' id='word_1_50' title='bbox 1206 1493 1304 1538; x_wconf 85' lang='lat' dir='ltr'>vacca</span> 
     </span>
     <span class='ocr_line' id='line_1_9' title="bbox 148 1543 1304 1645; baseline 0.018 -40"><span class='ocrx_word' id='word_1_51' title='bbox 148 1566 324 1645; x_wconf 70' lang='lat' dir='ltr'>praegnans</span> <span class='ocrx_word' id='word_1_52' title='bbox 340 1558 532 1622; x_wconf 89' lang='lat' dir='ltr'>occurreret,</span> <span class='ocrx_word' id='word_1_53' title='bbox 549 1543 675 1621; x_wconf 88' lang='lat' dir='ltr'>accidit,</span> <span class='ocrx_word' id='word_1_54' title='bbox 700 1558 737 1608; x_wconf 93' lang='lat' dir='ltr'>ut</span> <span class='ocrx_word' id='word_1_55' title='bbox 752 1566 843 1629; x_wconf 92' lang='lat' dir='ltr'>puer,</span> <span class='ocrx_word' id='word_1_56' title='bbox 869 1545 983 1611; x_wconf 86' lang='lat' dir='ltr'>obvius</span> <span class='ocrx_word' id='word_1_57' title='bbox 998 1549 1045 1612; x_wconf 91' lang='lat' dir='ltr'>illi</span> <span class='ocrx_word' id='word_1_58' title='bbox 1069 1573 1246 1637; x_wconf 90' lang='lat' dir='ltr'>accurrens,</span> <span class='ocrx_word' id='word_1_59' title='bbox 1271 1577 1304 1629; x_wconf 88' lang='lat' dir='ltr'>et</span> 
     </span>
     <span class='ocr_line' id='line_1_10' title="bbox 148 1631 1304 1716; baseline 0.016 -18"><span class='ocrx_word' id='word_1_60' title='bbox 148 1632 269 1699; x_wconf 81' lang='lat' dir='ltr'>diutius</span> <span class='ocrx_word' id='word_1_61' title='bbox 282 1631 370 1696; x_wconf 86' lang='lat' dir='ltr'>illam</span> <span class='ocrx_word' id='word_1_62' title='bbox 385 1633 525 1710; x_wconf 89' lang='lat' dir='ltr'>intuens,</span> <span class='ocrx_word' id='word_1_63' title='bbox 550 1632 667 1716; x_wconf 87' lang='lat' dir='ltr'>saepius</span> <span class='ocrx_word' id='word_1_64' title='bbox 690 1634 844 1697; x_wconf 86' lang='lat' dir='ltr'>recedens</span> <span class='ocrx_word' id='word_1_65' title='bbox 860 1646 892 1698; x_wconf 91' lang='lat' dir='ltr'>et</span> <span class='ocrx_word' id='word_1_66' title='bbox 906 1636 1032 1700; x_wconf 88' lang='lat' dir='ltr'>rediens</span> <span class='ocrx_word' id='word_1_67' title='bbox 1048 1647 1167 1707; x_wconf 89' lang='lat' dir='ltr'>ventris</span> <span class='ocrx_word' id='word_1_68' title='bbox 1181 1645 1304 1716; x_wconf 91' lang='lat' dir='ltr'>inclusa</span> 
     </span>
     <span class='ocr_line' id='line_1_11' title="bbox 148 1719 1304 1823; baseline 0.017 -38"><span class='ocrx_word' id='word_1_69' title='bbox 148 1733 182 1786; x_wconf 93' lang='lat' dir='ltr'>et</span> <span class='ocrx_word' id='word_1_70' title='bbox 198 1742 300 1785; x_wconf 92' lang='lat' dir='ltr'>onera</span> <span class='ocrx_word' id='word_1_71' title='bbox 315 1720 505 1785; x_wconf 86' lang='lat' dir='ltr'>admirando</span> <span class='ocrx_word' id='word_1_72' title='bbox 521 1719 712 1784; x_wconf 83' lang='lat' dir='ltr'>colluderet.</span> <span class='ocrx_word' id='word_1_73' title='bbox 761 1720 935 1787; x_wconf 85' lang='lat' dir='ltr'>Subridens</span> <span class='ocrx_word' id='word_1_74' title='bbox 954 1722 1131 1813; x_wconf 88' lang='lat' dir='ltr'>Episcopus</span> <span class='ocrx_word' id='word_1_75' title='bbox 1147 1734 1256 1823; x_wconf 87' lang='lat' dir='ltr'>itaque</span> <span class='ocrx_word' id='word_1_76' title='bbox 1272 1754 1304 1805; x_wconf 91' lang='lat' dir='ltr'>et</span> 
     </span>
     <span class='ocr_line' id='line_1_12' title="bbox 149 1807 1302 1910; baseline 0.015 -37"><span class='ocrx_word' id='word_1_77' title='bbox 149 1830 288 1890; x_wconf 88' lang='lat' dir='ltr'>puerum</span> <span class='ocrx_word' id='word_1_78' title='bbox 315 1807 437 1895; x_wconf 90' lang='lat' dir='ltr'>aliquid</span> <span class='ocrx_word' id='word_1_79' title='bbox 460 1809 575 1873; x_wconf 83' lang='lat' dir='ltr'>secreti</span> <span class='ocrx_word' id='word_1_80' title='bbox 591 1807 765 1872; x_wconf 87' lang='lat' dir='ltr'>rimantem</span> <span class='ocrx_word' id='word_1_81' title='bbox 781 1810 956 1896; x_wconf 85' lang='lat' dir='ltr'>contius·[?</span> <span class='ocrx_word' id='word_1_82' title='bbox 973 1825 1149 1902; x_wconf 78' lang='lat' dir='ltr'>contuens],</span> <span class='ocrx_word' id='word_1_83' title='bbox 1177 1833 1198 1867; x_wconf 86' lang='lat'>“</span> <span class='ocrx_word' id='word_1_84' title='bbox 1210 1828 1302 1910; x_wconf 87' lang='lat' dir='ltr'>age,”</span> 
     </span>
     <span class='ocr_line' id='line_1_13' title="bbox 147 1896 1302 2000; baseline 0.015 -40"><span class='ocrx_word' id='word_1_85' title='bbox 147 1897 275 1985; x_wconf 90' lang='lat' dir='ltr'>inquid,</span> <span class='ocrx_word' id='word_1_86' title='bbox 302 1905 424 1980; x_wconf 88' lang='lat' dir='ltr'>“pucr,</span> <span class='ocrx_word' id='word_1_87' title='bbox 441 1909 472 1961; x_wconf 92' lang='lat' dir='ltr'>et</span> <span class='ocrx_word' id='word_1_88' title='bbox 488 1896 572 1981; x_wconf 82' lang='lat' dir='ltr'>patri</span> <span class='ocrx_word' id='word_1_89' title='bbox 588 1909 644 1960; x_wconf 89' lang='lat' dir='ltr'>tuo</span> <span class='ocrx_word' id='word_1_90' title='bbox 659 1897 759 1960; x_wconf 90' lang='lat' dir='ltr'>dicito</span> <span class='ocrx_word' id='word_1_91' title='bbox 775 1900 853 1983; x_wconf 95' lang='lat' dir='ltr'>quid</span> <span class='ocrx_word' id='word_1_92' title='bbox 869 1900 986 1963; x_wconf 92' lang='lat' dir='ltr'>occulti</span> <span class='ocrx_word' id='word_1_93' title='bbox 1002 1905 1134 1968; x_wconf 88' lang='lat' dir='ltr'>misterii</span> <span class='ocrx_word' id='word_1_94' title='bbox 1147 1910 1179 1973; x_wconf 88' lang='lat' dir='ltr'>in</span> <span class='ocrx_word' id='word_1_95' title='bbox 1196 1934 1302 2000; x_wconf 83' lang='lat' dir='ltr'>praeg-</span> 
     </span>
     <span class='ocr_line' id='line_1_14' title="bbox 147 1983 1300 2084; baseline 0.013 -36"><span class='ocrx_word' id='word_1_96' title='bbox 147 1985 254 2050; x_wconf 89' lang='lat' dir='ltr'>nantis</span> <span class='ocrx_word' id='word_1_97' title='bbox 284 1985 412 2050; x_wconf 84' lang='lat' dir='ltr'>buculae</span> <span class='ocrx_word' id='word_1_98' title='bbox 440 1983 560 2049; x_wconf 88' lang='lat' dir='ltr'>videris</span> <span class='ocrx_word' id='word_1_99' title='bbox 583 1986 705 2049; x_wconf 90' lang='lat' dir='ltr'>utero.’&#39;</span> <span class='ocrx_word' id='word_1_100' title='bbox 753 1985 814 2049; x_wconf 91' lang='lat' dir='ltr'>Cui</span> <span class='ocrx_word' id='word_1_101' title='bbox 844 2009 937 2071; x_wconf 90' lang='lat' dir='ltr'>puer,</span> <span class='ocrx_word' id='word_1_102' title='bbox 961 2010 1027 2052; x_wconf 90' lang='lat' dir='ltr'>non</span> <span class='ocrx_word' id='word_1_103' title='bbox 1043 1993 1218 2077; x_wconf 85' lang='lat' dir='ltr'>pueriliter,</span> <span class='ocrx_word' id='word_1_104' title='bbox 1244 2007 1300 2084; x_wconf 86' lang='lat' dir='ltr'>ait,</span> 
     </span>
     <span class='ocr_line' id='line_1_15' title="bbox 150 2073 1300 2171; baseline 0.018 -39"><span class='ocrx_word' id='word_1_105' title='bbox 150 2073 297 2158; x_wconf 83' lang='lat' dir='ltr'>“Hujus</span> <span class='ocrx_word' id='word_1_106' title='bbox 312 2074 509 2161; x_wconf 83' lang='lat' dir='ltr'>praegnantis</span> <span class='ocrx_word' id='word_1_107' title='bbox 525 2094 630 2136; x_wconf 88' lang='lat' dir='ltr'>vaccae</span> <span class='ocrx_word' id='word_1_108' title='bbox 657 2086 783 2136; x_wconf 91' lang='lat' dir='ltr'>uterum</span> <span class='ocrx_word' id='word_1_109' title='bbox 801 2073 936 2138; x_wconf 89' lang='lat' dir='ltr'>sollicite</span> <span class='ocrx_word' id='word_1_110' title='bbox 951 2076 1077 2143; x_wconf 88' lang='lat' dir='ltr'>diucius</span> <span class='ocrx_word' id='word_1_111' title='bbox 1100 2089 1300 2171; x_wconf 82' lang='lat' dir='ltr'>conspiciens</span> 
     </span>
     <span class='ocr_line' id='line_1_16' title="bbox 148 2159 1300 2249; baseline 0.018 -23"><span class='ocrx_word' id='word_1_112' title='bbox 148 2163 247 2228; x_wconf 89' lang='lat' dir='ltr'>video</span> <span class='ocrx_word' id='word_1_113' title='bbox 261 2159 384 2247; x_wconf 87' lang='lat' dir='ltr'>aliquid</span> <span class='ocrx_word' id='word_1_114' title='bbox 407 2159 509 2225; x_wconf 88' lang='lat' dir='ltr'>inesse</span> <span class='ocrx_word' id='word_1_115' title='bbox 523 2161 684 2249; x_wconf 85' lang='lat' dir='ltr'>mirabile,</span> <span class='ocrx_word' id='word_1_116' title='bbox 701 2162 789 2247; x_wconf 92' lang='lat' dir='ltr'>quod</span> <span class='ocrx_word' id='word_1_117' title='bbox 805 2175 912 2226; x_wconf 88' lang='lat' dir='ltr'>tamen</span> <span class='ocrx_word' id='word_1_118' title='bbox 930 2166 1055 2229; x_wconf 86' lang='lat' dir='ltr'>matrici</span> <span class='ocrx_word' id='word_1_119' title='bbox 1079 2172 1197 2239; x_wconf 91' lang='lat' dir='ltr'>sobolis</span> <span class='ocrx_word' id='word_1_120' title='bbox 1212 2181 1300 2247; x_wconf 92' lang='lat' dir='ltr'>vide-</span> 
     </span>
     <span class='ocr_line' id='line_1_17' title="bbox 147 2249 1376 2348; baseline 0.021 -35"><span class='ocrx_word' id='word_1_121' title='bbox 147 2264 202 2316; x_wconf 89' lang='lat' dir='ltr'>tur</span> <span class='ocrx_word' id='word_1_122' title='bbox 225 2271 355 2335; x_wconf 89' lang='lat' dir='ltr'>prorsus</span> <span class='ocrx_word' id='word_1_123' title='bbox 378 2262 528 2313; x_wconf 90' lang='lat' dir='ltr'>naturam</span> <span class='ocrx_word' id='word_1_124' title='bbox 555 2249 720 2313; x_wconf 86' lang='lat' dir='ltr'>excedere·</span> <span class='ocrx_word' id='word_1_125' title='bbox 769 2249 854 2314; x_wconf 93' lang='lat' dir='ltr'>Nam</span> <span class='ocrx_word' id='word_1_126' title='bbox 877 2273 951 2315; x_wconf 91' lang='lat' dir='ltr'>cum</span> <span class='ocrx_word' id='word_1_127' title='bbox 977 2254 1047 2339; x_wconf 88' lang='lat' dir='ltr'>ipsa</span> <span class='ocrx_word' id='word_1_128' title='bbox 1071 2257 1155 2348; x_wconf 86' lang='lat' dir='ltr'>nigri</span> <span class='ocrx_word' id='word_1_129' title='bbox 1185 2267 1302 2337; x_wconf 91' lang='lat' dir='ltr'>coloris</span> <span class='ocrx_word' id='word_1_130' title='bbox 1373 2260 1376 2269; x_wconf 48' lang='lat'><strong>¹</strong></span> 
     </span>
     <span class='ocr_line' id='line_1_18' title="bbox 148 2337 1302 2436; baseline 0.013 -32"><span class='ocrx_word' id='word_1_131' title='bbox 148 2337 293 2404; x_wconf 89' lang='lat' dir='ltr'>exterius</span> <span class='ocrx_word' id='word_1_132' title='bbox 313 2348 383 2402; x_wconf 92' lang='lat' dir='ltr'>tota</span> <span class='ocrx_word' id='word_1_133' title='bbox 397 2350 595 2423; x_wconf 85' lang='lat' dir='ltr'>compareat,</span> <span class='ocrx_word' id='word_1_134' title='bbox 617 2337 708 2401; x_wconf 91' lang='lat' dir='ltr'>nimis</span> <span class='ocrx_word' id='word_1_135' title='bbox 733 2337 861 2403; x_wconf 91' lang='lat' dir='ltr'>videtur</span> <span class='ocrx_word' id='word_1_136' title='bbox 884 2362 952 2403; x_wconf 90' lang='lat' dir='ltr'>esse</span> <span class='ocrx_word' id='word_1_137' title='bbox 967 2341 1112 2411; x_wconf 87' lang='lat' dir='ltr'>mirabile</span> <span class='ocrx_word' id='word_1_138' title='bbox 1127 2373 1191 2436; x_wconf 89' lang='lat' dir='ltr'>qua</span> <span class='ocrx_word' id='word_1_139' title='bbox 1206 2379 1302 2426; x_wconf 81' lang='lat' dir='ltr'>causa</span> 
     </span>
     <span class='ocr_line' id='line_1_19' title="bbox 147 2425 1302 2515; baseline 0.016 -25"><span class='ocrx_word' id='word_1_140' title='bbox 147 2426 279 2492; x_wconf 87' lang='lat' dir='ltr'>latentis</span> <span class='ocrx_word' id='word_1_141' title='bbox 294 2438 419 2490; x_wconf 87' lang='lat' dir='ltr'>naturae</span> <span class='ocrx_word' id='word_1_142' title='bbox 435 2425 618 2489; x_wconf 90' lang='lat' dir='ltr'>dissimilem</span> <span class='ocrx_word' id='word_1_143' title='bbox 630 2425 744 2490; x_wconf 89' lang='lat' dir='ltr'>foetum</span> <span class='ocrx_word' id='word_1_144' title='bbox 759 2428 944 2513; x_wconf 88' lang='lat' dir='ltr'>concepisse</span> <span class='ocrx_word' id='word_1_145' title='bbox 954 2434 1139 2515; x_wconf 88' lang='lat' dir='ltr'>praevaleat.</span> <span class='ocrx_word' id='word_1_146' title='bbox 1172 2443 1302 2514; x_wconf 89' lang='lat' dir='ltr'>Vitulus</span> 
     </span>
     <span class='ocr_line' id='line_1_20' title="bbox 149 2513 1301 2604; baseline 0.023 -27"><span class='ocrx_word' id='word_1_147' title='bbox 149 2515 294 2604; x_wconf 90' lang='lat' dir='ltr'>quidem,</span> <span class='ocrx_word' id='word_1_148' title='bbox 310 2513 366 2600; x_wconf 92' lang='lat' dir='ltr'>qui</span> <span class='ocrx_word' id='word_1_149' title='bbox 387 2513 523 2578; x_wconf 90' lang='lat' dir='ltr'>interius</span> <span class='ocrx_word' id='word_1_150' title='bbox 538 2513 707 2592; x_wconf 88' lang='lat' dir='ltr'>delitescit,</span> <span class='ocrx_word' id='word_1_151' title='bbox 732 2527 820 2580; x_wconf 89' lang='lat' dir='ltr'>totus</span> <span class='ocrx_word' id='word_1_152' title='bbox 846 2517 993 2582; x_wconf 91' lang='lat' dir='ltr'>rubiculo</span> <span class='ocrx_word' id='word_1_153' title='bbox 1016 2522 1124 2590; x_wconf 91' lang='lat' dir='ltr'>colore</span> <span class='ocrx_word' id='word_1_154' title='bbox 1139 2530 1301 2602; x_wconf 87' lang='lat' dir='ltr'>flavescit·</span> 
     </span>
     <span class='ocr_line' id='line_1_21' title="bbox 151 2588 1301 2709; baseline 0.009 -40"><span class='ocrx_word' id='word_1_155' title='bbox 151 2617 186 2669; x_wconf 88' lang='lat' dir='ltr'>et</span> <span class='ocrx_word' id='word_1_156' title='bbox 201 2618 310 2669; x_wconf 88' lang='lat' dir='ltr'>tamen</span> <span class='ocrx_word' id='word_1_157' title='bbox 334 2601 366 2665; x_wconf 90' lang='lat' dir='ltr'>in</span> <span class='ocrx_word' id='word_1_158' title='bbox 380 2600 496 2666; x_wconf 84' lang='lat' dir='ltr'>frontis</span> <span class='ocrx_word' id='word_1_159' title='bbox 513 2601 632 2667; x_wconf 89' lang='lat' dir='ltr'>vertice</span> <span class='ocrx_word' id='word_1_160' title='bbox 648 2602 748 2666; x_wconf 90' lang='lat' dir='ltr'>instar</span> <span class='ocrx_word' id='word_1_161' title='bbox 763 2605 864 2668; x_wconf 87' lang='lat' dir='ltr'>stellae</span> <span class='ocrx_word' id='word_1_162' title='bbox 886 2605 1050 2673; x_wconf 88' lang='lat' dir='ltr'>candentis</span> <span class='ocrx_word' id='word_1_163' title='bbox 1066 2613 1202 2682; x_wconf 86' lang='lat' dir='ltr'>formam</span> <span class='ocrx_word' id='word_1_164' title='bbox 1217 2588 1301 2709; x_wconf 56' lang='lat' dir='ltr'>praei</span> 
     </span>
     <span class='ocr_line' id='line_1_22' title="bbox 148 2690 1302 2778; baseline 0.008 -22"><span class='ocrx_word' id='word_1_165' title='bbox 148 2691 235 2756; x_wconf 87' lang='lat' dir='ltr'>ferre</span> <span class='ocrx_word' id='word_1_166' title='bbox 261 2690 414 2769; x_wconf 90' lang='lat' dir='ltr'>cernitur,</span> <span class='ocrx_word' id='word_1_167' title='bbox 440 2713 514 2778; x_wconf 90' lang='lat' dir='ltr'>quae</span> <span class='ocrx_word' id='word_1_168' title='bbox 536 2690 619 2754; x_wconf 90' lang='lat' dir='ltr'>nivis</span> <span class='ocrx_word' id='word_1_169' title='bbox 643 2693 779 2756; x_wconf 90' lang='lat' dir='ltr'>recentis</span> <span class='ocrx_word' id='word_1_170' title='bbox 795 2691 995 2757; x_wconf 90' lang='lat' dir='ltr'>similitudini</span> <span class='ocrx_word' id='word_1_171' title='bbox 1010 2703 1202 2771; x_wconf 89' lang='lat' dir='ltr'>omnimodis</span> <span class='ocrx_word' id='word_1_172' title='bbox 1217 2734 1302 2777; x_wconf 89' lang='lat' dir='ltr'>coae.</span> 
     </span>
     <span class='ocr_line' id='line_1_23' title="bbox 148 2777 1381 2868; baseline 0.016 -24"><span class='ocrx_word' id='word_1_173' title='bbox 148 2794 278 2868; x_wconf 90' lang='lat' dir='ltr'>quatur.</span> <span class='ocrx_word' id='word_1_174' title='bbox 327 2777 380 2843; x_wconf 91' lang='lat' dir='ltr'>Ne</span> <span class='ocrx_word' id='word_1_175' title='bbox 395 2801 497 2856; x_wconf 90' lang='lat' dir='ltr'>mora,</span> <span class='ocrx_word' id='word_1_176' title='bbox 514 2800 686 2867; x_wconf 86' lang='lat' dir='ltr'>praegnans</span> <span class='ocrx_word' id='word_1_177' title='bbox 702 2802 798 2843; x_wconf 90' lang='lat' dir='ltr'>vacca</span> <span class='ocrx_word' id='word_1_178' title='bbox 813 2780 909 2844; x_wconf 90' lang='lat' dir='ltr'>foetus</span> <span class='ocrx_word' id='word_1_179' title='bbox 925 2787 1084 2865; x_wconf 88' lang='lat' dir='ltr'>exposuit,</span> <span class='ocrx_word' id='word_1_180' title='bbox 1102 2805 1134 2854; x_wconf 91' lang='lat' dir='ltr'>et</span> <span class='ocrx_word' id='word_1_181' title='bbox 1151 2797 1285 2865; x_wconf 87' lang='lat' dir='ltr'>vitulum</span> <span class='ocrx_word' id='word_1_182' title='bbox 1373 2804 1381 2813; x_wconf 93' lang='lat'>&#39;</span> 
     </span>
     <span class='ocr_line' id='line_1_24' title="bbox 149 2851 1302 2969; baseline 0.01 -38"><span class='ocrx_word' id='word_1_183' title='bbox 149 2868 278 2956; x_wconf 90' lang='lat' dir='ltr'>qualem</span> <span class='ocrx_word' id='word_1_184' title='bbox 299 2889 380 2952; x_wconf 90' lang='lat' dir='ltr'>puer</span> <span class='ocrx_word' id='word_1_185' title='bbox 404 2868 601 2951; x_wconf 86' lang='lat' dir='ltr'>praedixerat</span> <span class='ocrx_word' id='word_1_186' title='bbox 628 2867 807 2952; x_wconf 88' lang='lat' dir='ltr'>parturivit.</span> <span class='ocrx_word' id='word_1_187' title='bbox 854 2866 1041 2934; x_wconf 89' lang='lat' dir='ltr'>Admiratus</span> <span class='ocrx_word' id='word_1_188' title='bbox 1064 2897 1142 2965; x_wconf 87' lang='lat' dir='ltr'>ergo</span> <span class='ocrx_word' id='word_1_189' title='bbox 1167 2851 1302 2969; x_wconf 58' lang='lat' dir='ltr'>Episcoi</span> 
     </span>
     <span class='ocr_line' id='line_1_25' title="bbox 148 2954 1302 3060; baseline 0.015 -44"><span class='ocrx_word' id='word_1_190' title='bbox 148 2979 222 3043; x_wconf 92' lang='lat' dir='ltr'>pus,</span> <span class='ocrx_word' id='word_1_191' title='bbox 246 2954 428 3041; x_wconf 86' lang='lat' dir='ltr'>prophetiae</span> <span class='ocrx_word' id='word_1_192' title='bbox 451 2955 596 3040; x_wconf 88' lang='lat' dir='ltr'>spiritum</span> <span class='ocrx_word' id='word_1_193' title='bbox 620 2954 705 3018; x_wconf 89' lang='lat' dir='ltr'>illius</span> <span class='ocrx_word' id='word_1_194' title='bbox 727 2956 852 3040; x_wconf 89' lang='lat' dir='ltr'>pectori</span> <span class='ocrx_word' id='word_1_195' title='bbox 869 2955 972 3022; x_wconf 89' lang='lat' dir='ltr'>inesse</span> <span class='ocrx_word' id='word_1_196' title='bbox 994 2960 1117 3045; x_wconf 90' lang='lat' dir='ltr'>didicit,</span> <span class='ocrx_word' id='word_1_197' title='bbox 1143 2982 1175 3035; x_wconf 88' lang='lat' dir='ltr'>et</span> <span class='ocrx_word' id='word_1_198' title='bbox 1191 2981 1302 3060; x_wconf 74' lang='lat' dir='ltr'>quanti</span> 
     </span>
     <span class='ocr_line' id='line_1_26' title="bbox 150 3042 1302 3132; baseline 0.016 -28"><span class='ocrx_word' id='word_1_199' title='bbox 150 3043 238 3130; x_wconf 87' lang='lat' dir='ltr'>apud</span> <span class='ocrx_word' id='word_1_200' title='bbox 260 3044 371 3107; x_wconf 91' lang='lat' dir='ltr'>Deum</span> <span class='ocrx_word' id='word_1_201' title='bbox 395 3045 502 3107; x_wconf 90' lang='lat' dir='ltr'>meriti</span> <span class='ocrx_word' id='word_1_202' title='bbox 525 3042 731 3128; x_wconf 89' lang='lat' dir='ltr'>postmodum</span> <span class='ocrx_word' id='word_1_203' title='bbox 759 3055 842 3106; x_wconf 92' lang='lat' dir='ltr'>esset</span> <span class='ocrx_word' id='word_1_204' title='bbox 870 3043 997 3109; x_wconf 87' lang='lat' dir='ltr'>futurus</span> <span class='ocrx_word' id='word_1_205' title='bbox 1014 3072 1056 3113; x_wconf 90' lang='lat' dir='ltr'>ex</span> <span class='ocrx_word' id='word_1_206' title='bbox 1079 3057 1233 3126; x_wconf 88' lang='lat' dir='ltr'>miraculo</span> <span class='ocrx_word' id='word_1_207' title='bbox 1253 3069 1302 3132; x_wconf 92' lang='lat' dir='ltr'>in.</span> 
     </span>
     <span class='ocr_line' id='line_1_27' title="bbox 150 3130 1301 3241; baseline 0.022 -47"><span class='ocrx_word' id='word_1_208' title='bbox 150 3145 255 3197; x_wconf 89' lang='lat' dir='ltr'>stante</span> <span class='ocrx_word' id='word_1_209' title='bbox 278 3130 453 3215; x_wconf 86' lang='lat' dir='ltr'>praesensit.</span> <span class='ocrx_word' id='word_1_210' title='bbox 503 3131 709 3218; x_wconf 85' lang='lat' dir='ltr'>Puerumque</span> <span class='ocrx_word' id='word_1_211' title='bbox 740 3154 781 3196; x_wconf 90' lang='lat' dir='ltr'>ex</span> <span class='ocrx_word' id='word_1_212' title='bbox 809 3154 848 3195; x_wconf 90' lang='lat' dir='ltr'>eo</span> <span class='ocrx_word' id='word_1_213' title='bbox 874 3146 1018 3217; x_wconf 89' lang='lat' dir='ltr'>tempore</span> <span class='ocrx_word' id='word_1_214' title='bbox 1044 3141 1187 3212; x_wconf 85' lang='lat' dir='ltr'>devotius</span> <span class='ocrx_word' id='word_1_215' title='bbox 1203 3156 1301 3241; x_wconf 88' lang='lat' dir='ltr'>coepit</span> 
     </span>
     <span class='ocr_line' id='line_1_28' title="bbox 151 3219 1301 3316; baseline 0.011 -32"><span class='ocrx_word' id='word_1_216' title='bbox 151 3219 377 3306; x_wconf 89' lang='lat' dir='ltr'>amplectendo</span> <span class='ocrx_word' id='word_1_217' title='bbox 393 3219 553 3298; x_wconf 87' lang='lat' dir='ltr'>excolere,</span> <span class='ocrx_word' id='word_1_218' title='bbox 577 3234 611 3285; x_wconf 90' lang='lat' dir='ltr'>et</span> <span class='ocrx_word' id='word_1_219' title='bbox 625 3220 823 3286; x_wconf 89' lang='lat' dir='ltr'>dulcioribus</span> <span class='ocrx_word' id='word_1_220' title='bbox 839 3220 954 3305; x_wconf 88' lang='lat' dir='ltr'>saepius</span> <span class='ocrx_word' id='word_1_221' title='bbox 982 3225 1127 3316; x_wconf 90' lang='lat' dir='ltr'>alloquiis</span> <span class='ocrx_word' id='word_1_222' title='bbox 1150 3251 1182 3302; x_wconf 88' lang='lat' dir='ltr'>et</span> <span class='ocrx_word' id='word_1_223' title='bbox 1208 3245 1301 3309; x_wconf 79' lang='lat' dir='ltr'>obse.</span> 
     </span>
     <span class='ocr_line' id='line_1_29' title="bbox 149 3307 710 3396; baseline 0.009 -24"><span class='ocrx_word' id='word_1_224' title='bbox 149 3307 234 3396; x_wconf 87' lang='lat' dir='ltr'>quiis</span> <span class='ocrx_word' id='word_1_225' title='bbox 255 3308 513 3396; x_wconf 84' lang='lat' dir='ltr'>congratulando</span> <span class='ocrx_word' id='word_1_226' title='bbox 527 3308 710 3377; x_wconf 89' lang='lat' dir='ltr'>coufovere.</span> 
     </span>
    </p>
   </div>
   <div class='ocr_carea' id='block_1_5' title="bbox 341 3617 1125 3716">
    <p class='ocr_par' dir='ltr' id='par_1_5' title="bbox 341 3617 1125 3716">
     <span class='ocr_line' id='line_1_30' title="bbox 341 3617 1125 3716; baseline 0.013 -29"><span class='ocrx_word' id='word_1_227' title='bbox 341 3619 440 3687; x_wconf 81' lang='lat' dir='ltr'>CAP.</span> <span class='ocrx_word' id='word_1_228' title='bbox 457 3617 712 3686; x_wconf 81' lang='lat' dir='ltr'>XL-Assercio</span> <span class='ocrx_word' id='word_1_229' title='bbox 728 3619 866 3684; x_wconf 74' lang='lat' dir='ltr'>Mathia</span> <span class='ocrx_word' id='word_1_230' title='bbox 880 3620 1125 3716; x_wconf 76' lang='lat' dir='ltr'>Arelicpiscopi,</span> 
     </span>
    </p>
   </div>
   <div class='ocr_carea' id='block_1_6' title="bbox 150 3844 1304 4225">
    <p class='ocr_par' dir='ltr' id='par_1_6' title="bbox 150 3844 1304 4225">
     <span class='ocr_line' id='line_1_31' title="bbox 199 3844 1303 3948; baseline 0.014 -38"><span class='ocrx_word' id='word_1_231' title='bbox 199 3845 364 3921; x_wconf 85' lang='lat' dir='ltr'>Quoniam</span> <span class='ocrx_word' id='word_1_232' title='bbox 379 3868 461 3931; x_wconf 88' lang='lat' dir='ltr'>puer</span> <span class='ocrx_word' id='word_1_233' title='bbox 477 3845 614 3910; x_wconf 92' lang='lat' dir='ltr'>Domini</span> <span class='ocrx_word' id='word_1_234' title='bbox 630 3844 778 3911; x_wconf 89' lang='lat' dir='ltr'>omnibus</span> <span class='ocrx_word' id='word_1_235' title='bbox 790 3845 895 3910; x_wconf 88' lang='lat' dir='ltr'>clarus</span> <span class='ocrx_word' id='word_1_236' title='bbox 912 3849 1033 3935; x_wconf 90' lang='lat' dir='ltr'>extitit,</span> <span class='ocrx_word' id='word_1_237' title='bbox 1049 3882 1069 3924; x_wconf 89' lang='lat' dir='ltr'>a</span> <span class='ocrx_word' id='word_1_238' title='bbox 1083 3873 1223 3948; x_wconf 68' lang='lat' dir='ltr'>paternis</span> <span class='ocrx_word' id='word_1_239' title='bbox 1239 3877 1303 3942; x_wconf 71' lang='lat' dir='ltr'>suis</span> 
     </span>
     <span class='ocr_line' id='line_1_32' title="bbox 152 3931 1304 4031; baseline 0.016 -33"><span class='ocrx_word' id='word_1_240' title='bbox 152 3934 302 4022; x_wconf 86' lang='lat' dir='ltr'>quoedam</span> <span class='ocrx_word' id='word_1_241' title='bbox 318 3935 440 4000; x_wconf 88' lang='lat' dir='ltr'>cariora</span> <span class='ocrx_word' id='word_1_242' title='bbox 462 3931 598 3999; x_wconf 87' lang='lat' dir='ltr'>donaria</span> <span class='ocrx_word' id='word_1_243' title='bbox 612 3935 768 4018; x_wconf 88' lang='lat' dir='ltr'>percepit.</span> <span class='ocrx_word' id='word_1_244' title='bbox 797 3935 885 3999; x_wconf 90' lang='lat' dir='ltr'>Inter</span> <span class='ocrx_word' id='word_1_245' title='bbox 902 3960 986 4024; x_wconf 89' lang='lat' dir='ltr'>quae,</span> <span class='ocrx_word' id='word_1_246' title='bbox 1011 3953 1175 4031; x_wconf 73' lang='lat' dir='ltr'>quoddam</span> <span class='ocrx_word' id='word_1_247' title='bbox 1192 3964 1304 4030; x_wconf 68' lang='lat' dir='ltr'>tjntjn.</span> 
     </span>
     <span class='ocr_line' id='line_1_33' title="bbox 150 4022 1304 4130; baseline 0.021 -47"><span class='ocrx_word' id='word_1_248' title='bbox 150 4023 317 4102; x_wconf 85' lang='lat' dir='ltr'>nabulum,</span> <span class='ocrx_word' id='word_1_249' title='bbox 333 4025 421 4111; x_wconf 93' lang='lat' dir='ltr'>quod</span> <span class='ocrx_word' id='word_1_250' title='bbox 442 4022 486 4088; x_wconf 88' lang='lat' dir='ltr'>lin</span> <span class='ocrx_word' id='word_1_251' title='bbox 533 4046 553 4086; x_wconf 88' lang='lat' dir='ltr'>a</span> <span class='ocrx_word' id='word_1_252' title='bbox 568 4043 680 4085; x_wconf 91' lang='lat' dir='ltr'>eorum</span> <span class='ocrx_word' id='word_1_253' title='bbox 708 4024 798 4087; x_wconf 80' lang='lat' dir='ltr'>kelim</span> <span class='ocrx_word' id='word_1_254' title='bbox 813 4023 942 4103; x_wconf 91' lang='lat' dir='ltr'>dicitur,</span> <span class='ocrx_word' id='word_1_255' title='bbox 960 4028 1083 4117; x_wconf 91' lang='lat' dir='ltr'>habuit,</span> <span class='ocrx_word' id='word_1_256' title='bbox 1100 4048 1188 4130; x_wconf 92' lang='lat' dir='ltr'>quod</span> <span class='ocrx_word' id='word_1_257' title='bbox 1212 4074 1304 4118; x_wconf 71' lang='lat' dir='ltr'>more</span> 
     </span>
     <span class='ocr_line' id='line_1_34' title="bbox 154 4047 1303 4225; baseline 0.023 -50"><span class='ocrx_word' id='word_1_258' title='bbox 154 4111 422 4198; x_wconf 87' lang='lat' dir='ltr'>Hybernensinm</span> <span class='ocrx_word' id='word_1_259' title='bbox 449 4047 534 4176; x_wconf 69' lang='lat' dir='ltr'>colli)</span> <span class='ocrx_word' id='word_1_260' title='bbox 564 4110 775 4175; x_wconf 89' lang='lat' dir='ltr'>circumtulit.</span> <span class='ocrx_word' id='word_1_261' title='bbox 822 4113 952 4179; x_wconf 89' lang='lat' dir='ltr'>Accidit</span> <span class='ocrx_word' id='word_1_262' title='bbox 982 4121 1083 4205; x_wconf 88' lang='lat' dir='ltr'>igitur</span> <span class='ocrx_word' id='word_1_263' title='bbox 1108 4133 1190 4198; x_wconf 88' lang='lat' dir='ltr'>forte</span> <span class='ocrx_word' id='word_1_264' title='bbox 1215 4143 1303 4225; x_wconf 90' lang='lat' dir='ltr'>quod</span> 
     </span>
    </p>
   </div>
   <div class='ocr_carea' id='block_1_7' title="bbox 150 4199 1305 4473">
    <p class='ocr_par' dir='ltr' id='par_1_7' title="bbox 150 4199 1305 4473">
     <span class='ocr_line' id='line_1_35' title="bbox 151 4199 1304 4312; baseline 0.027 -49"><span class='ocrx_word' id='word_1_265' title='bbox 151 4199 249 4265; x_wconf 91' lang='lat' dir='ltr'>kelim</span> <span class='ocrx_word' id='word_1_266' title='bbox 278 4202 376 4286; x_wconf 89' lang='lat' dir='ltr'>pueri</span> <span class='ocrx_word' id='word_1_267' title='bbox 391 4200 483 4287; x_wconf 87' lang='lat' dir='ltr'>lapsu</span> <span class='ocrx_word' id='word_1_268' title='bbox 498 4199 552 4264; x_wconf 88' lang='lat' dir='ltr'>vel</span> <span class='ocrx_word' id='word_1_269' title='bbox 578 4199 718 4283; x_wconf 92' lang='lat' dir='ltr'>impulsu</span> <span class='ocrx_word' id='word_1_270' title='bbox 743 4199 852 4287; x_wconf 86' lang='lat' dir='ltr'>aliquo</span> <span class='ocrx_word' id='word_1_271' title='bbox 868 4203 1067 4276; x_wconf 85' lang='lat' dir='ltr'>confractum</span> <span class='ocrx_word' id='word_1_272' title='bbox 1090 4216 1198 4302; x_wconf 85' lang='lat' dir='ltr'>fuerit,</span> <span class='ocrx_word' id='word_1_273' title='bbox 1216 4230 1304 4312; x_wconf 93' lang='lat' dir='ltr'>quod</span> 
     </span>
     <span class='ocr_line' id='line_1_36' title="bbox 151 4286 1305 4383; baseline 0.026 -30"><span class='ocrx_word' id='word_1_274' title='bbox 151 4310 254 4374; x_wconf 90' lang='lat' dir='ltr'>puero</span> <span class='ocrx_word' id='word_1_275' title='bbox 268 4289 501 4376; x_wconf 78' lang='lat' dir='ltr'>perplurimum</span> <span class='ocrx_word' id='word_1_276' title='bbox 517 4286 638 4352; x_wconf 93' lang='lat' dir='ltr'>doloris</span> <span class='ocrx_word' id='word_1_277' title='bbox 650 4288 840 4354; x_wconf 87' lang='lat' dir='ltr'>moesticiam</span> <span class='ocrx_word' id='word_1_278' title='bbox 856 4289 975 4362; x_wconf 91' lang='lat' dir='ltr'>intulit.</span> <span class='ocrx_word' id='word_1_279' title='bbox 1011 4298 1105 4368; x_wconf 91' lang='lat' dir='ltr'>Tunc</span> <span class='ocrx_word' id='word_1_280' title='bbox 1120 4310 1305 4383; x_wconf 88' lang='lat' dir='ltr'>columbina</span> 
     </span>
     <span class='ocr_line' id='line_1_37' title="bbox 150 4374 1304 4473; baseline 0.02 -30"><span class='ocrx_word' id='word_1_281' title='bbox 150 4377 268 4445; x_wconf 91' lang='lat' dir='ltr'>ductus</span> <span class='ocrx_word' id='word_1_282' title='bbox 298 4377 517 4463; x_wconf 87' lang='lat' dir='ltr'>simplicitate,</span> <span class='ocrx_word' id='word_1_283' title='bbox 543 4374 674 4446; x_wconf 89' lang='lat' dir='ltr'>fabrum</span> <span class='ocrx_word' id='word_1_284' title='bbox 693 4379 780 4445; x_wconf 86' lang='lat' dir='ltr'>solus</span> <span class='ocrx_word' id='word_1_285' title='bbox 805 4376 898 4454; x_wconf 89' lang='lat' dir='ltr'>adiit,</span> <span class='ocrx_word' id='word_1_286' title='bbox 913 4392 947 4445; x_wconf 90' lang='lat' dir='ltr'>et</span> <span class='ocrx_word' id='word_1_287' title='bbox 972 4397 1008 4450; x_wconf 91' lang='lat' dir='ltr'>ut</span> <span class='ocrx_word' id='word_1_288' title='bbox 1023 4407 1085 4473; x_wconf 89' lang='lat' dir='ltr'>pro</span> <span class='ocrx_word' id='word_1_289' title='bbox 1099 4392 1165 4462; x_wconf 89' lang='lat' dir='ltr'>Dei</span> <span class='ocrx_word' id='word_1_290' title='bbox 1192 4423 1304 4472; x_wconf 84' lang='lat' dir='ltr'>amore</span> 
     </span>
    </p>
   </div>
   <div class='ocr_carea' id='block_1_8' title="bbox 0 0 1452 5018">
    <p class='ocr_par' dir='ltr' id='par_1_8' title="bbox 0 0 1452 5018">
     <span class='ocr_line' id='line_1_38' title="bbox 0 0 1452 5018; baseline 0 0"><span class='ocrx_word' id='word_1_291' title='bbox 0 0 1452 5018; x_wconf 95' lang='lat' dir='ltr'> </span> 
     </span>
    </p>
   </div>
  </div>
 </body>
</html>
