2888 5018
146 351 195 428 86
521 367 711 422 muamus
737 369 789 422 aa
815 364 918 422 caru

144 540 247 609 socios
273 535 461 602 invitabant.
510 533 779 619 Circumspiciens
803 556 883 618 ergo
907 532 1074 616 episcopus
1090 528 1181 593 videt
1198 550 1300 619 quan-

144 629 220 692 dam
236 626 295 689 sub
311 624 417 708 specie
434 621 576 685 mulieris
600 621 787 685 mirabiliter
802 622 993 696 radiantem,
1011 631 1043 683 et
1058 619 1145 681 crine
1171 618 1300 682 et'facie

145 737 218 780 cum
231 715 354 776 nitente
377 712 512 774 vestium
528 711 682 773 varietate
706 711 787 772 miro
803 710 901 772 modo
916 708 1104 794 fulgentem.
1158 703 1299 769 Omnem

146 800 304 886 siquidem
335 800 506 861 humanam
538 797 674 880 effigiem
706 799 753 859 sui
776 797 995 883 pulcritudine
1020 792 1238 878 praecellebat,
1267 805 1300 855 et

146 901 279 954 ornatus
294 886 395 972 ipsius
411 907 520 949 omnes
537 896 676 948 texturas
700 885 874 948 mundanae
898 883 1102 966 sagacitatem
1121 879 1171 943 vel
1189 878 1300 964 periti-

146 999 197 1041 am
220 976 427 1060 exuperabat.
478 973 575 1038 Unde
591 975 777 1059 quicunque
793 973 875 1035 illius
892 972 996 1035 vultus
1013 975 1223 1055 inspexerant
1234 989 1300 1052 prae

146 1063 253 1149 nimiae
269 1062 427 1146 cupidinis
444 1060 572 1124 lascivia
593 1069 676 1145 pene
703 1059 823 1145 seipsos
851 1071 1065 1124 excesserant.
1114 1058 1161 1120 At
1176 1057 1301 1149 episco-

146 1174 206 1239 pus
222 1175 295 1216 cum
319 1151 520 1213 festinatione
536 1170 651 1234 aquam
669 1148 846 1223 benedixit,
871 1160 904 1210 et
930 1146 1111 1230 aspersorio
1139 1143 1170 1205 in
1200 1165 1240 1206 ea
1255 1144 1300 1205 iu-

148 1242 260 1329 tinctp,
277 1240 309 1300 in
325 1238 508 1324 ymaginem
524 1236 701 1301 fantasticae
712 1235 889 1300 delusionis
901 1232 1019 1318 inje'cit.
1054 1232 1169 1297 Statim
1183 1231 1300 1294 fantas-

147 1328 211 1394 tica
233 1325 356 1391 delusio
379 1326 479 1390 oculis
503 1324 604 1388 delusi
632 1323 744 1409 populi
775 1346 839 1385 non
864 1322 1054 1406 comparuit,
1086 1319 1142 1381 sed
1159 1317 1301 1382 maxima

148 1415 279 1501 parietis
309 1424 401 1496 parte
425 1411 569 1476 ecclesiae
600 1435 708 1475 secum
741 1412 850 1474 evulsa
873 1410 933 1474 sub
960 1419 1125 1471 momento
1148 1409 1181 1468 in
1207 1426 1300 1469 auras

149 1504 260 1567 inanes
275 1502 416 1566 evanuit.
465 1499 639 1584 Tauroque
655 1499 770 1561 foetore
783 1521 876 1561 nares
892 1498 1034 1560 omnium
1061 1496 1126 1557 suis
1152 1493 1300 1557 ludibriis

150 1592 360 1673 deceptorum
389 1585 585 1669 perfuderat,
611 1586 698 1671 quod
723 1588 775 1648 vix
808 1609 849 1648 ex
876 1585 1010 1647 horrore
1042 1581 1121 1645 tanti
1147 1580 1299 1644 stercoris

150 1676 309 1762 quispiam
334 1674 507 1737 subsistere
530 1673 736 1756 praevalebat.
786 1674 868 1735 Nam
887 1692 1151 1758 quorumcunque
1177 1669 1300 1732 animos

149 1762 288 1827 luxuriae
311 1763 442 1853 flamma
478 1760 696 1834 succenderat,
728 1760 843 1822 horum
878 1783 989 1824 sensus
1026 1778 1120 1844 quam
1159 1756 1300 1820 maxime

150 1852 247 1937 faetor
279 1850 344 1938 ipse
381 1848 616 1935 praegravabat.
674 1847 770 1911 Tunc
804 1850 974 1933 episcopus
1007 1867 1188 1910 sermonem
1215 1867 1303 1909 com-

151 1937 336 2003 monitionis
374 1936 523 2013 intexuit,
563 1950 596 1998 et
634 1936 674 1999 de
702 1936 922 1999 immundiciae
954 1933 1188 1998 incontinentia
1217 1954 1301 2017 prae·

153 2029 281 2092 dicavit.
344 2035 366 2066 “
387 2025 504 2100 Eece,’'
543 2023 701 2110 inquiens,
752 2034 846 2087 “vos
883 2024 982 2086 modo
1016 2021 1117 2086 oculis
1152 2042 1303 2104 corpora-

152 2115 235 2179 libus
262 2112 455 2197 inspexistis,
487 2134 586 2198 quare
625 2111 699 2174 olim
731 2123 796 2175 tam
828 2111 943 2174 crebro
973 2110 1105 2174 feminas
1147 2110 1188 2173 ab
1216 2107 1302 2171 omni

153 2201 253 2265 limite
285 2200 428 2264 ecclesiae
459 2222 539 2262 meae
569 2199 763 2282 separandas
794 2198 958 2265 didicistis,
1019 2198 1103 2261 Nam
1134 2217 1302 2284 nunquam

155 2289 255 2354 viscus
278 2286 398 2351 diaboli
422 2285 627 2350 ludibriosius
651 2288 718 2349 sive
733 2287 942 2370 perniciosius
959 2284 1139 2370 suscipitur,
1157 2307 1253 2371 quam
1270 2283 1302 2346 in

154 2377 252 2439 domo
286 2373 427 2449 Domini,
456 2372 510 2435 ubi
538 2373 696 2436 castitatis
722 2373 824 2436 hostia
848 2374 966 2437 cotidie
982 2374 1174 2437 immolatur.
1235 2372 1303 2436 Nec

154 2461 248 2526 citius
265 2484 405 2548 unquam
424 2459 507 2523 virus
524 2460 725 2544 deceptionis
742 2461 862 2538 inserit,
881 2485 976 2548 quam
993 2475 1097 2526 astuta
1112 2461 1300 2524 feminarum

155 2548 311 2635 decipula,
337 2571 410 2637 quae
426 2562 459 2612 et
473 2547 514 2611 de
530 2547 681 2633 paradiso
697 2550 817 2613 animas
827 2549 1005 2637 fragiliores
1018 2549 1163 2634 expellit.
1194 2548 1302 2623 Quare

156 2660 200 2702 ex
227 2639 290 2703 hoc
315 2650 459 2721 tempore
483 2635 673 2700 feminarum
700 2659 847 2702 accessus
873 2638 906 2701 in
922 2639 1034 2701 meisa
1049 2637 1146 2701 modo
1163 2635 1302 2701 ecclesiis

156 2726 321 2811 prohibe0,
335 2727 410 2812 quia
423 2726 570 2808 spiritum
583 2724 764 2788 fornicariae
776 2726 931 2800 falsitatis,
943 2749 1038 2812 quem
1052 2725 1182 2802 vidistis,
1196 2747 1302 2812 neque

157 2836 213 2878 vos
232 2815 281 2878 vel
299 2837 388 2877 meos
404 2837 424 2876 a
442 2812 503 2875 Dei
521 2814 655 2876 servicio
671 2814 837 2877 retardare
852 2816 1014 2898 permitto.
1039 2814 1179 2890 Quodsi
1196 2812 1304 2898 aliqua

157 2900 395 2987 impudibunda
410 2901 548 2973 scienter
564 2923 597 2967 se
609 2901 792 2987 ingesserit,
807 2901 872 2965 scio
888 2903 963 2989 quia
977 2901 1050 2965 Deo
1066 2902 1193 2964 vindice
1209 2903 1303 2965 citius

156 2992 319 3075 punietur.
344 2988 429 3050 Haec
441 3009 569 3072 quoque
585 2988 676 3051 vobis
692 2989 835 3074 praedico
852 2991 884 3051 in
897 3004 1062 3072 posterum
1073 2991 1150 3075 quia
1165 2987 1304 3051 nonnul-

157 3079 204 3141 las
222 3080 290 3164 jam
307 3075 401 3138 video
417 3097 496 3137 ausu
513 3097 572 3137 suo
588 3079 760 3140 temerario
777 3077 841 3141 Dei
854 3077 1007 3141 offensam
1022 3090 1054 3141 et
1066 3099 1146 3140 meae
1157 3069 1305 3163 indigua·

158 3166 255 3230 tionis
267 3185 380 3248 poenas
395 3163 611 3226 incursuras.’³
641 3164 789 3250 Denique
807 3165 877 3228 haec
893 3168 961 3250 ejus
972 3178 1137 3249 praecepta
1149 3157 1304 3228 hactenus

158 3252 383 3332 observantur,
408 3263 439 3314 et
463 3254 490 3312 si
512 3248 705 3337 quandoque
727 3251 906 3339 transgredi
924 3267 1161 3336 presumuntur,
1178 3272 1306 3336 semper

159 3339 283 3403 ultione
292 3338 459 3423 celerrima
470 3339 651 3424 expiantur.
664 3339 748 3404 Haec
758 3346 799 3403 de
808 3342 992 3404 Scottorum
1002 3340 1127 3427 paginis
1137 3354 1169 3404 et
1179 3340 1305 3424 scriptis

159 3427 399 3578 exqcripsimus,
410 3426 465 3490 sed
475 3429 551 3512 quia
560 3429 702 3492 seriatim
712 3429 1078 3514 exponenteinterprete
1088 3429 1186 3492 verba
1196 3427 1306 3517 singu·

161 3515 193 3581 la
220 3513 360 3600 iquidius
377 3516 551 3580 transferre
567 3516 778 3602 nequivimus,
796 3517 940 3581 sensibus
957 3516 1157 3609 explicandis
1174 3536 1305 3602 operam

160 3603 309 3668 dedimus
324 3614 357 3666 et
370 3604 404 3665 in
419 3603 563 3691 linguam
574 3604 668 3666 istam
685 3602 917 3668 transtulimus.
963 3606 1052 3682 Quia
1066 3604 1214 3668 maximis
1231 3605 1306 3667 viris

161 3705 193 3756 et
223 3690 387 3755 nonnullis
419 3691 683 3777 Hybernensium
709 3692 869 3776 episcopis
895 3695 1119 3777 perorantibus
1144 3694 1186 3756 de
1214 3690 1306 3758 Beati

164 3777 334 3857 Cuthberti
361 3779 522 3845 natalibus
547 3777 874 3864 praecla1·aquaedam
900 3783 1091 3858 audirimus,
1122 3781 1176 3844 illa
1207 3793 1307 3867 prout

161 3867 270 3931 decuit
292 3868 324 3930 in
348 3867 411 3933 hoc
434 3864 546 3929 libello
569 3866 772 3946 inseruimus,
793 3870 934 3933 etunius
950 3871 1096 3955 corporis
1112 3869 1249 3956 effigiem
1265 3858 1307 3932 de

161 3976 320 4043 compage
342 3972 471 4020 artuum
486 3952 612 4015 diversa
627 3954 858 4043 compegimus.
906 3958 993 4034 Quae
1008 3959 1095 4020 enim
1111 3957 1213 4022 sancti
1225 3979 1307 4042 pon-

160 4041 261 4107 tifices
287 4045 321 4107 in
345 4045 389 4107 lin
437 4065 456 4104 a
479 4052 589 4102 suaet
612 4052 698 4104 terra
720 4042 761 4106 de
785 4057 874 4108 tanto
895 4067 997 4130 puero
1012 4047 1158 4133 legerant
1174 4046 1307 4109 omnino

160 4131 288 4196 silentio
318 4067 443 4215 sepedii
474 4147 539 4188 non
556 4125 756 4195 debuerant.
810 4132 892 4195 Nam
916 4133 1052 4197 fortasse
1082 4156 1144 4220 pro
1171 4158 1210 4198 eo
1235 4131 1307 4196 illos

160 4216 251 4286 Deus
273 4219 314 4284 ad
338 4240 398 4282 nos
421 4211 545 4280 venisse
561 4215 726 4301 compulit,
740 4220 820 4306 ‚quia
837 4220 929 4284 Beati
947 4220 1120 4286 Cuthberti
1136 4221 1258 4287 natalia
1272 4221 1306 4283 in

159 4306 320 4375 cineribus
342 4302 535 4390 ignorantiae
557 4305 608 4369 vel
630 4303 801 4370 oblivionis
815 4307 948 4373 sordere
963 4307 1083 4377 diutius
1100 4309 1215 4378 noluit.
1264 4306 1307 4373 Et
