2888 5018
222 369 293 440 124
740 383 832 436 v1ra

222 553 465 619 elemosinarum
492 549 642 636 operibus
672 550 834 626 intentus3
867 545 1039 633 disciplinis
1070 543 1291 610 ecclesiasticis
1322 567 1365 609 ex

222 640 377 728 propositi
402 652 479 705 voto
493 638 656 715 redditus3
680 653 712 703 et
735 658 945 725 quaecumque
967 657 1024 721 per
1039 633 1185 720 spiritum
1211 635 1366 699 Sanctum

223 729 351 819 agenda
359 729 521 812 cognovit,
532 726 659 792 sedulus
671 750 709 792 ac
720 727 853 791 devotus
864 723 1095 790 amministrare
1107 723 1242 788 curavit.
1269 723 1368 787 Cum-

224 841 288 904 que
299 817 370 903 pius
386 815 547 882 Dominus
559 815 629 902 pios
645 815 714 901 ejus
729 816 854 880 labores
864 828 986 877 aeterna
999 812 1147 877 mercede
1160 834 1369 876 remunerare

225 906 426 983 decrevisset,
455 918 558 969 tactus
595 917 644 969 est
675 905 790 969 morbo
816 901 969 967 acerrimo
996 900 1242 979 interaneorum,
1271 923 1368 987 quem

224 993 342 1058 medici
354 992 575 1058 discenteriam
591 1005 716 1060 vocant.
768 991 842 1066 Quo
853 1014 913 1077 per
928 990 996 1055 dies
1012 991 1264 1078 ingravescente,
1281 989 1368 1055 velut

225 1105 338 1147 aurum
362 1104 421 1167 per
446 1083 554 1168 ignem
580 1079 792 1158 exaorinatus,
821 1080 957 1144 decocta
986 1077 1129 1142 omnium
1158 1090 1369 1163 peccatorum

224 1170 382 1258 rubigine,
399 1169 484 1234 diem
496 1169 608 1234 clausit
623 1183 821 1244 extremum3
846 1191 882 1232 ac
904 1165 995 1256 regni
1011 1166 1147 1230 coelestis
1165 1167 1281 1250 januas
1296 1189 1369 1252 per-

224 1272 323 1345 petuo
345 1260 489 1323 victurus
504 1255 645 1336 intravit,
662 1270 817 1342 regnante
837 1256 969 1320 domino
990 1267 1102 1319 nostro
1117 1254 1193 1319 Jesu
1208 1254 1341 1320 Christo
1357 1278 1366 1330 3

225 1347 276 1412 cui
286 1361 334 1412 est
349 1347 454 1411 bonor
470 1364 503 1411 et
517 1345 620 1434 gloria
634 1348 667 1410 in
679 1345 785 1410 secula
800 1345 992 1412 seculorum.
1040 1345 1158 1408 Amen.

270 1436 421 1520 Sepultus
432 1457 510 1499 vero
526 1447 574 1500 est
591 1437 687 1520 juxta
701 1433 873 1498 sacrarium
886 1432 1028 1498 ecclesiae
1050 1432 1194 1517 praelatae
1213 1431 1369 1516 Haugus-

226 1523 379 1589 tuldensis
395 1523 435 1587 ad
451 1522 578 1610 plagam
590 1521 810 1600 meridianam,
827 1535 860 1587 et
874 1544 975 1607 parva
994 1519 1118 1606 capella
1131 1518 1262 1606 lapidea
1276 1543 1371 1606 supra

227 1611 388 1677 tumulum
414 1611 482 1696 ejus
506 1623 688 1676 constructa
702 1625 759 1676 est.
805 1611 859 1676 De
880 1632 945 1697 quo
960 1609 1033 1676 loco
1048 1608 1204 1673 incertum
1230 1609 1369 1675 habetur

227 1724 247 1765 a
277 1722 342 1785 quo
368 1698 541 1763 translatus
572 1697 623 1778 sit,
647 1721 685 1763 ac
715 1698 796 1763 infra
818 1697 983 1764 ecclesiam
1005 1697 1037 1760 in
1064 1698 1183 1762 scrinio
1206 1698 1368 1786 condigno

225 1789 351 1852 honore
363 1786 548 1852 collocatus.
594 1789 748 1852 Attamen
761 1785 1062 1851 verisimilevidetur
1076 1783 1167 1850 illum
1178 1786 1365 1851 translatum

227 1876 323 1940 luisse
337 1876 378 1940 ab
395 1873 530 1941 Alsredo
545 1875 612 1940 filio
637 1875 846 1953 Westuerum,
872 1876 1050 1960 presbitero
1067 1873 1294 1940 Dunelmensis
1315 1895 1367 1938 ec-

226 1965 341 2042 elesiae,
359 1962 413 2050 qui
428 1963 625 2029 venerabiles
641 1964 707 2048 ejus
734 1986 930 2028 successores
954 1966 1075 2029 Accam
1098 1974 1132 2026 et
1148 1962 1367 2028 Alcmundum

226 2053 268 2117 de
283 2069 368 2144 terra
389 2051 505 2118 levavit
521 2077 557 2120 ac
580 2052 665 2119 intra
688 2053 853 2119 ecclesiam
869 2051 903 2118 in
925 2051 1049 2118 feretris
1071 2049 1249 2117 honorilice
1272 2051 1367 2117 collo-

228 2156 322 2208 cavit.

318 2451 460 2530 Qualiter
476 2454 650 2536 prohibitas
672 2463 717 2523 est
745 2453 879 2523 Thomas
903 2458 1108 2523 eboracensis
1122 2453 1286 2540 Aeropa.

359 2563 451 2626 copas
461 2562 570 2625 corpus
583 2545 690 2610 Sancti
703 2547 797 2611 aare
808 2549 852 2610 ad
864 2547 1040 2612 Eboracum
1054 2544 1237 2629 transferre.

274 2773 373 2838 Auno
399 2773 440 2839 ab
462 2774 687 2841 incarnacione
711 2774 844 2841 Domini
861 2797 987 2856 ucxnr,
1003 2774 1230 2863 pontificatum
1248 2771 1370 2838 Ebora-

231 2864 333 2926 censis
355 2860 499 2927 ecclesiae
514 2862 666 2946 nobiliter
681 2866 933 2931 amministrante
949 2867 1019 2929 viro
1029 2864 1182 2949 jocundae
1197 2863 1370 2940 memoriae,

232 2949 360 3015 Thoma
387 2950 538 3030 secundo,
566 2952 715 3017 adierunt
738 2954 844 3040 ipsum
869 2952 1156 3040 Archiepiscopum
1172 2952 1305 3040 quidam
1329 2973 1369 3015 ex

231 3038 507 3103 archidiaconibus
520 3051 553 3103 et
567 3039 689 3105 clericis
704 3043 846 3130 ejusdem
859 3041 1012 3121 ecclesiae,
1027 3055 1059 3107 et
1070 3042 1161 3129 quasi
1173 3039 1371 3105 consulendo

231 3127 446 3214 suggerebant
466 3127 609 3212 providae
625 3130 692 3215 ejus
708 3130 913 3209 solicitudini,
930 3143 1163 3218 conquerentes
1179 3130 1264 3193 inter
1280 3151 1324 3205 se,
1341 3139 1373 3191 et

231 3214 374 3280 dicentes
390 3216 485 3280 nimis
500 3215 651 3300 injustum
664 3232 697 3284 et
708 3219 914 3285 indiscretum
924 3233 1031 3284 actum
1044 3241 1111 3284 esse
1123 3217 1269 3283 ecclesiae
1282 3216 1372 3281 Ebo-

229 3305 361 3381 racensi,
387 3303 474 3391 quod
500 3303 589 3368 nullo
615 3319 799 3373 sanctorum
823 3310 1045 3394 episcoporum
1068 3329 1199 3372 suorum
1215 3302 1371 3388 corporali

229 3391 400 3476 praesentia
428 3392 585 3458 honorata
611 3408 705 3474 esset,
734 3397 791 3460 sed
815 3419 925 3461 omnes
951 3397 984 3460 in
1009 3394 1078 3461 aliis
1104 3393 1242 3460 ecclesiis
1257 3390 1370 3455 merito

232 3478 410 3544 sanctitatis
434 3503 501 3545 suae
524 3480 566 3545 ab
589 3484 677 3549 omni
699 3485 820 3570 populo
836 3485 1002 3550 sullimiter
1017 3496 1257 3550 venerarentur.
1305 3478 1373 3546 Ad·

224 3570 372 3654 jecerunt
395 3581 502 3634 autem
527 3569 649 3654 justum
677 3595 755 3652 esse,
782 3587 818 3638 ut
840 3574 907 3660 ipse
935 3573 1206 3660 Archiepiscopus
1231 3571 1374 3635 omnium

231 3655 346 3722 annisu
367 3677 400 3720 se
426 3655 663 3739 intromitteret,
686 3661 738 3726 vel
762 3684 862 3727 unum
889 3661 1028 3750 aliquem
1053 3673 1221 3748 pastorum
1243 3678 1375 3725 suorum

231 3741 438 3832 antiquorum
470 3746 512 3810 ad
546 3762 680 3814 matrem
710 3750 878 3818 ecclesiam
907 3771 1078 3828 revocare3
1112 3771 1154 3814 ne
1184 3743 1373 3813 omnimodo

230 3832 414 3898 veneranda
427 3830 632 3936 reliquiarum
649 3859 761 3904 eorum
776 3837 947 3924 praesentia
971 3837 1085 3904 orbata
1110 3857 1181 3903 esse
1200 3834 1374 3901 videretur.

231 3920 277 3987 Et
291 3920 443 4009 quoniam
458 3942 581 4007 primus
604 3926 854 4015 Archipontifex
879 3925 1020 4017 ejusdem
1047 3924 1192 3992 ecclesiae
1208 3922 1373 4002 Paulinus,

230 4010 287 4074 sed
313 4023 346 4075 et
372 4031 554 4078 succesores
585 4014 654 4101 ejus
681 4038 773 4103 aeque
800 4013 859 4082 viri
891 4015 1004 4096 sancti,
1033 4011 1228 4092 wilfridus,
1243 4011 1374 4092 scilicet,

228 4096 378 4198 ‘ceadda
393 4098 559 4167 Johannes
576 4117 608 4168 et
618 4103 786 4170 Oswaldus
801 4105 836 4170 in
851 4117 941 4170 tanta
956 4101 1167 4170 veneracione
1182 4102 1218 4167 in
1232 4096 1375 4168 ecclesiis

227 4184 303 4265 illis,
318 4185 354 4251 in
369 4185 484 4275 quibus
500 4188 639 4255 almifica
653 4213 764 4259 eorum
787 4214 925 4280 corpora
946 4191 1088 4280 reposita
1110 4200 1195 4271 sunt,
1212 4188 1375 4256 habeban-

230 4285 294 4352 tur,
310 4288 346 4340 ut
361 4274 403 4341 de
416 4275 479 4343 illis
494 4278 726 4346 transferendis
741 4281 862 4348 frustra
876 4282 994 4347 inirent
1009 4278 1189 4360 consilium,
1206 4299 1256 4346 coe
1279 4288 1376 4346 erunt

230 4381 346 4452 rogare
360 4387 434 4433 eum
454 4364 604 4456 quatinus
620 4380 766 4440 sanctum
784 4370 903 4454 Euan,
920 4368 1063 4440 ecclesiae
1080 4300 1380 4456 Haugustaldensis'
