2820 4988
489 354 625 410 saucrr
655 356 777 410 aare.
1137 337 1204 414 las

63 521 260 607 pontificem,
289 545 328 588 eo
357 522 544 588 transferret
556 547 565 601 ;
590 535 780 591 attestantes
807 524 952 591 sufficere
978 545 1070 612 posse
1100 525 1206 593 eidem

65 612 207 677 ecclesiae
233 613 372 700 pignora
398 610 604 700 reliquiarum
631 628 816 680 sauctorum
839 629 978 704 quatuor
1003 613 1203 703 pontificum,

65 701 178 789 quibus
199 716 317 785 praeter
339 701 444 786 ipsum
471 701 539 787 ipsa
565 702 856 788 Haugustaldensis
879 704 1013 770 ecclesia
1035 703 1206 793 magnifice

64 790 215 876 polleret3
250 788 360 854 nescio
391 813 453 877 qua
482 789 634 875 opinione
664 791 752 858 ducti
784 806 821 858 ut
861 793 1004 858 dicerent
1033 793 1125 858 illurn
1154 816 1208 860 ec·

64 878 167 944 clesiae
204 879 416 944 Eboraeensis
446 879 589 946 extitisse
628 880 813 959 antistitem,
845 905 918 947 cum
950 905 1011 946 nec
1044 883 1078 946 in
1108 880 1207 948 histo·

63 971 110 1032 ria
142 968 242 1033 Bedae
271 967 439 1054 presbiteri
470 991 530 1034 nec
557 970 590 1034 in
625 969 697 1034 ullis
723 969 829 1060 gentis
860 970 1044 1058 Anglorum
1071 971 1205 1037 cronicis

63 1057 122 1122 boc
152 1058 343 1122 inveniatur.
414 1057 537 1123 Annuit
567 1081 646 1147 ergo
684 1082 795 1124 eorum
832 1061 982 1147 precibus
1012 1059 1205 1145 importunis

65 1145 351 1232 Archiepiscopus3
374 1158 406 1210 et
422 1146 582 1211 ordinavit
608 1169 651 1212 ex
675 1150 730 1225 eis,
756 1146 811 1234 qui
837 1170 944 1213 secum
966 1160 1138 1234 pergerent
1163 1150 1206 1214 ad

64 1234 321 1312 Hestoldesham,
344 1234 386 1298 ad
402 1234 483 1298 illud
497 1234 675 1318 negotium,
703 1235 791 1322 quod
821 1235 850 1300 ei
876 1235 1105 1336 suggerebant,
1132 1258 1204 1321 per-

62 1324 231 1413 agendum.
283 1323 457 1387 Audientes
487 1334 596 1387 autern
620 1322 681 1387 hoc
706 1324 822 1388 fratres
838 1323 983 1389 ecclesiae
1008 1322 1205 1412 Haugustal-

62 1414 176 1493 densis,
193 1411 286 1477 valde
310 1412 417 1476 tristes
441 1409 544 1476 effecti
575 1424 670 1489 sunt;
694 1425 735 1489 et,
764 1409 805 1476 de
826 1410 960 1477 Domini
985 1410 1206 1479 misericordia

62 1504 191 1567 tandem
205 1500 324 1566 fiducia
339 1513 481 1586 accepta,
498 1513 643 1565 sanctum
662 1499 766 1566 Eatan
778 1499 908 1566 intentis
923 1499 1072 1588 precibus
1088 1523 1202 1568 exora-

61 1591 146 1670 bant,
160 1613 202 1655 ne
217 1589 325 1654 locum
348 1610 446 1676 quem
460 1588 570 1654 vivens
594 1588 790 1670 excoluerat,
818 1589 988 1670 dilexerat,
1015 1611 1136 1678 suaque
1153 1614 1203 1657 se·

61 1680 188 1764 pultura
202 1677 466 1764 locupletaverat,
483 1675 674 1763 despiceret,
700 1677 875 1759 desereret,
900 1701 1021 1768 suaque
1036 1679 1203 1767 presencia

60 1768 216 1833 viduaret.
276 1763 458 1831 Adveniens
505 1767 615 1855 itaque
643 1766 929 1855 Archiepiscopus,
975 1767 1216 1837 comitantibus

60 1879 165 1922 secum
180 1854 354 1941 supradicti
378 1853 500 1944 negotii
523 1853 776 1944 instigatoribus‚
803 1856 845 1920 ad
869 1855 1129 1937 Hestoldesham,
1146 1857 1204 1923 ali·

60 1945 182 2034 quantis
213 1942 326 2009 diebus
356 1942 422 2006 illic
448 1942 630 2009 demoratus
661 1957 719 2010 est.
776 1943 855 2032 Ipsa
876 1956 984 2010 autem
1009 1959 1114 2025 nocte,
1139 1968 1203 2034 qua

59 2046 226 2109 transacta,
243 2029 442 2096 venerabiles
465 2030 615 2119 reliquias
631 2044 796 2118 asportare
819 2029 1055 2118 disposuerant,
1078 2031 1112 2098 in
1135 2033 1204 2121 ipsa

59 2135 223 2211 tempestae
240 2119 341 2186 noctis
358 2117 477 2206 quiete,
494 2119 752 2208 Archiepiscopo
767 2141 902 2206 sompno
918 2120 1084 2208 depresso,
1101 2143 1202 2210 appa-

58 2211 120 2277 ruit
134 2211 163 2277 ei
178 2209 310 2297 quidam
325 2207 374 2273 vir
398 2209 581 2275 veneranda
603 2209 719 2295 specie,
736 2206 912 2296 habituque
935 2207 1114 2296 pontificali
1140 2211 1202 2277 cir·

60 2300 274 2376 cumamictus,
286 2311 318 2362 et
332 2295 455 2381 virgam
470 2298 664 2383 pastoralem
678 2295 713 2361 in
727 2319 825 2362 manu
839 2319 956 2384 gerens
971 2312 1004 2365 et
1014 2298 1199 2367 terribiliter

57 2390 227 2474 respiciens
244 2384 538 2471 Archiepiscopum,
555 2385 600 2451 sic
638 2385 798 2453 allocutus
813 2400 862 2452 est
879 2409 961 2453 eum.
1008 2387 1137 2466 “Quid
1151 2404 1200 2456 est

58 2479 142 2566 quod
156 2477 262 2541 facere
278 2472 449 2561 disponis?
494 2473 621 2542 Venisti
635 2474 710 2555 huc,
726 2486 764 2541 ut
778 2498 830 2542 me
844 2474 886 2542 de
900 2475 973 2542 loco
989 2477 1105 2565 quietis
1117 2499 1199 2544 meoe

57 2568 96 2631 ad
110 2565 249 2631 alienam
273 2563 642 2642 ecclesiamtransferas3
666 2564 755 2652 quod
779 2563 882 2630 tibia
907 2565 1052 2630 Domino
1073 2569 1201 2654 jussum

55 2667 193 2722 nonest.
250 2651 336 2718 Dico
351 2651 409 2717 tibi
430 2651 505 2738 quia
519 2674 631 2739 poenas
655 2667 720 2717 tuae
742 2652 994 2737 presumpcionis
1010 2653 1109 2717 lues.''
1154 2653 1199 2720 Et

58 2744 182 2809 elevans
194 2740 356 2818 baculum,
378 2761 474 2827 quem
496 2761 593 2805 manu
607 2739 765 2830 gestabat,
782 2740 937 2826 percussit
953 2761 1028 2805 eum
1042 2740 1091 2805 bis
1104 2763 1200 2828 super

56 2832 233 2908 humerum,
263 2844 295 2895 et
310 2828 507 2893 comminans
530 2829 560 2893 ei
585 2827 790 2893 vehementer
819 2827 987 2914 disparuit.
1033 2826 1201 2919 Experge-

55 2920 153 2988 faetus
169 2941 246 2985 vero
263 2915 533 3002 Archiepiscopus
557 2939 626 3002 prae
640 2915 741 2980 nimio
757 2915 871 2981 timore
887 2916 1067 2982 exclamare
1082 2919 1201 3004 coepit3

56 3031 228 3096 omnesque
243 3005 377 3071 clericos
392 3027 501 3069 eoram
530 3005 587 3070 illo
614 3006 810 3071 dormientes
837 3005 971 3073 turbatis
986 3005 1120 3071 vocibus
1143 3028 1201 3071 ex-

55 3099 173 3176 citavit,
190 3117 373 3181 pavensque
385 3107 419 3161 et
431 3106 580 3174 tremens,
594 3093 673 3184 quid
684 3092 815 3158 vidisset
826 3094 877 3158 vel
893 3116 1062 3181 perpessus
1078 3093 1199 3173 fuisset,

57 3189 99 3253 eis
114 3185 230 3255 retulit
278 3183 465 3273 Statimque,
490 3204 584 3248 mane
599 3183 697 3262 facto,
714 3180 800 3246 misit
822 3195 955 3269 propter
969 3183 1083 3247 fratres
1098 3181 1202 3248 eccle·

54 3275 127 3355 siae3
150 3270 340 3362 rogavitque
355 3298 410 3340 eos
424 3293 484 3357 pro
500 3294 535 3336 se
550 3292 663 3350 orare3
687 3283 765 3336 voto
781 3293 815 3336 se
832 3270 978 3356 obligans
994 3270 1081 3422 quod
1096 3292 1201 3337 nuuc-

54 3388 148 3452 quam
164 3361 300 3447 amplius
315 3363 412 3429 vellet
438 3359 603 3425 ecclesiam
633 3358 950 3447 Haugustaldensem
976 3381 996 3422 u
1023 3381 1043 3423 o
1066 3380 1199 3425 suorum

52 3468 264 3537 patronorum
278 3449 427 3533 spoliare·
476 3447 569 3512 Idem
583 3462 649 3515 tres
673 3462 781 3513 autem
802 3447 971 3512 continuos
999 3444 1068 3512 dies
1094 3446 1128 3511 iu
1149 3447 1199 3513 in·

52 3543 202 3616 firmitate
217 3536 377 3618 detentus,
401 3549 516 3627 quarta
527 3536 658 3603 demum
673 3536 726 3601 die
740 3532 905 3600 convaluit
914 3555 924 3611 3
941 3534 1061 3624 sieque,
1077 3533 1197 3603 infecto

52 3634 183 3722 negotio
197 3647 258 3716 pro
273 3645 339 3713 quo
353 3635 496 3706 venerat,
520 3645 594 3694 cum
609 3622 733 3693 clericis
749 3624 813 3692 suis
841 3621 1027 3693 Eboracum
1049 3644 1197 3696 reversus

53 3732 108 3788 est·
