2888 5018
263 347 310 420 m
706 370 799 420 vrrs
826 371 964 420 oswini

256 535 324 597 bat.
373 532 426 596 Ad
450 530 557 596 omnia
583 529 754 616 spiritualis
778 533 922 597 exercitii
947 532 1054 597 studia
1072 556 1106 598 se
1122 533 1328 623 accingebat,
1363 539 1421 602 sed

257 619 371 704 opibus
388 617 614 683 misericordiae
630 617 815 705 diligentius
835 642 869 683 se
887 633 990 684 totum
1007 621 1204 686 effundebat.
1249 623 1318 688 Sua
1334 639 1422 690 sata·

255 707 354 790 gebat
379 707 482 791 copia,
514 705 702 771 miserorum
733 707 882 790 supplere
913 706 1064 790 inopiam.
1112 707 1262 773 Divitum
1296 710 1418 797 quippe

257 793 429 877 superflua,
450 793 621 877 reputabat
644 814 821 876 pauperum
845 793 1036 858 necessaria.
1086 795 1292 861 Auctoritate
1318 799 1416 863 officii

253 880 335 964 regii
358 880 509 944 credebat
528 902 562 943 se
585 878 758 964 plurimum
773 878 892 943 debere
915 879 963 944 his
980 881 1034 966 qui
1058 881 1225 947 minimum
1239 895 1413 968 poterant3

255 966 425 1050 plurimam
451 965 603 1030 exhibere
624 965 787 1050 justiciam
817 965 876 1044 his,
905 967 961 1053 qui
987 970 1204 1052 gravabantur
1226 970 1413 1054 plurimum.

258 1053 296 1117 In
308 1053 493 1118 humilitatis
503 1052 600 1136 regiae
610 1053 889 1118 commendatione
905 1054 1103 1119 Venerabilis
1119 1056 1211 1121 Beda
1225 1059 1414 1144 exemplum

276 1143 421 1225 roposuit
450 1139 596 1203 omnibus
619 1138 819 1216 imitandum,
844 1140 941 1205 seda
973 1142 1068 1205 nullis
1092 1144 1222 1231 regibus
1248 1167 1352 1233 usque
1380 1147 1412 1210 iu

253 1161 446 1291 hodiernum
483 1226 570 1290 diem
607 1225 700 1310 plene
738 1241 922 1291 executum.
997 1228 1170 1294 Humiliari
1200 1230 1320 1318 quippe
1351 1235 1411 1298 sub

256 1313 491 1378 excellentioris
514 1312 660 1398 imperio,
678 1312 778 1377 debiti
801 1326 850 1378 est
871 1314 1010 1379 exactio.
1057 1316 1233 1381 Humiliari
1256 1319 1337 1384 verb
1352 1322 1410 1384 sub

255 1401 379 1465 socialis
401 1399 531 1466 foederis
547 1400 662 1477 officio,
679 1400 784 1465 meriti
800 1413 849 1465 est
864 1401 1037 1486 promotio.
1085 1403 1255 1469 Humiliari
1280 1406 1412 1472 tandem

254 1489 314 1551 sub
337 1487 494 1552 inferioris
511 1487 674 1575 dignitatis
690 1489 859 1574 obsequio,
876 1488 1083 1573 profectionis
1099 1503 1148 1554 est
1164 1493 1410 1558 consummatio.

258 1574 330 1639 Hac
345 1575 498 1661 perfectae
514 1573 700 1638 humilitatis
715 1575 818 1658 gratia
833 1575 988 1659 praeditus
1000 1576 1115 1640 enituit
1136 1579 1272 1643 Sanctus
1288 1579 1363 1644 Rex
1375 1595 1409 1646 et

257 1660 384 1747 Martyr
400 1663 560 1738 oswinus,
578 1661 632 1748 qui
656 1660 816 1746 pontificis
836 1661 963 1746 Aydani
988 1663 1188 1747 provolvitur
1210 1665 1359 1750 pedibus,
1376 1668 1411 1731 in

253 1747 367 1813 mediis
382 1748 556 1834 primorum
572 1769 702 1812 suorum
718 1746 899 1831 agminibus
915 1749 1073 1833 supplicat
1095 1772 1155 1835 pro
1170 1751 1274 1830 venia,
1292 1753 1348 1840 qui
1368 1755 1412 1820 de

254 1836 348 1920 culpa
356 1835 495 1921 trepidat
508 1856 572 1898 non
584 1833 762 1910 commissa,
776 1847 810 1897 et
822 1833 1081 1919 interrogationis
1091 1860 1158 1902 suae
1169 1838 1408 1920 discretionem,

253 1923 434 1987 redundare
449 1921 601 1986 formidat
616 1921 649 1982 in
664 1920 808 2004 presulis
824 1920 999 1986 laesionem.
1041 1922 1178 2008 Regiam
1193 1941 1406 2015 magestatem

253 2009 429 2094 pontificali
452 2007 603 2093 dignitati
625 2006 791 2091 praelatam
814 2030 884 2071 esse
906 2009 1064 2087 novimus,
1083 2023 1148 2074 tam
1172 2035 1213 2077 ex
1237 2013 1409 2098 spiritualis

253 2096 414 2162 unctionis
429 2093 581 2179 singulari
599 2107 810 2171 sacramento,
827 2117 923 2182 quam
939 2119 981 2160 ex
1003 2099 1187 2182 temporalis
1209 2100 1408 2186 principaths

200 2234 202 2238 ,
252 2182 450 2269 praecellenti
465 2180 619 2245 dominio.
669 2179 752 2254 Quae
779 2195 886 2246 tamen
901 2182 1081 2248 humiliavit
1103 2207 1137 2249 se
1160 2208 1268 2250 coram
1292 2189 1405 2254 ordine

252 2271 405 2348 inferiori,
422 2291 487 2332 non
503 2267 535 2330 in
551 2266 705 2343 conclavi,
722 2266 779 2330 sed
802 2268 834 2330 in
856 2269 997 2352 palati03
1020 2293 1085 2333 non
1100 2293 1208 2336 coram
1224 2274 1407 2340 domesticis

253 2370 390 2434 tantum,
408 2356 466 2420 sed
488 2375 597 2418 coram
619 2353 737 2438 passim
753 2353 953 2419 adstantibus
976 2357 1084 2420 multis
1107 2370 1173 2423 tam
1196 2361 1294 2424 servis
1309 2384 1403 2448 quam

253 2445 373 2522 liberis,
402 2455 468 2508 tam
494 2440 612 2524 ignotis
636 2463 730 2540 quam
757 2441 904 2529 cognitis.
961 2443 1056 2508 Hora
1083 2446 1208 2529 prandii
1232 2470 1297 2511 non
1324 2450 1403 2514 ollas

253 2531 397 2596 carnium
419 2542 522 2593 versat
547 2527 581 2591 in
603 2550 721 2605 ammo,
743 2528 800 2591 sed
826 2550 901 2593 reco
925 2528 984 2594 itat
1006 2531 1144 2595 amarihs
1166 2556 1200 2598 se
1223 2535 1349 2620 lapsum
1371 2537 1405 2601 in

253 2620 365 2695 verbo,
397 2629 431 2681 et
453 2615 538 2680 otior
560 2615 743 2701 procumbit
766 2615 808 2679 ad
830 2554 1088 2696 satisfactionem,
1120 2643 1217 2706 quam
1239 2623 1281 2686 ad
1304 2624 1406 2689 refec-

252 2705 374 2771 tionem
403 2702 572 2768 recumbit.
621 2702 777 2768 Cibotum
807 2702 904 2767 etiam
934 2704 1216 2790 ingurgitationem
1246 2710 1404 2796 anticipat

252 2793 384 2878 crapula
394 2791 605 2868 lacrimarum,
617 2804 650 2855 et
665 2789 751 2874 prius
767 2789 882 2854 scindit
894 2813 950 2855 cor
961 2791 1165 2871 contritione,
1178 2818 1275 2882 quam
1287 2819 1403 2883 corpus

253 2880 366 2947 farciat
381 2894 474 2964 pastu
485 2877 632 2943 lautiore.
681 2876 780 2941 Videt
796 2890 828 2942 et
844 2879 1059 2943 contremiscit
1076 2880 1228 2965 Aydanus
1243 2884 1402 2968 pontifex,

254 2982 287 3032 et
301 2967 344 3031 ad
366 2989 509 3030 mensam
531 2965 673 3028 residens
689 2986 789 3051 usque
812 2965 854 3029 ad
876 2966 1078 3031 lacrimarum
1093 2969 1300 3050 suffusionem
1316 2994 1405 3037 com-

253 3054 419 3143 pungitur,
437 3052 492 3117 ubi
507 3051 605 3116 etiam
620 3051 661 3115 de
677 3051 815 3116 instante
831 3054 913 3137 regis
937 3055 1091 3140 martyrio
1109 3054 1141 3118 in
1156 3056 1269 3140 spiritu
1285 3058 1402 3125 edoce·

254 3158 318 3206 tur.
367 3141 457 3206 Sicut
480 3140 590 3224 lingua
615 3139 817 3224 praedicantis
844 3141 970 3217 arescit,
995 3155 1029 3205 et
1055 3142 1096 3206 ab
1119 3143 1226 3207 'officio
1252 3168 1312 3209 suo
1337 3149 1402 3211 non

254 3251 417 3316 nunquam
432 3225 541 3292 delicit
556 3248 615 3311 pro
630 3226 814 3291 auditorum
829 3227 932 3311 culpa,
946 3227 990 3291 sic
1006 3243 1039 3293 et
1053 3243 1213 3317 magestas
1223 3231 1309 3318 juste
1321 3255 1405 3318 prae-

253 3316 383 3382 sidentis
399 3315 515 3400 saepius
529 3313 652 3399 rapitur
670 3315 711 3378 ab
726 3314 786 3378 hac
798 3313 873 3391 vita,
887 3336 1080 3398 promotum
1096 3316 1315 3404 inaequalitate
1352 3345 1404 3387 uae

252 3403 450 3489 principatur
471 3405 504 3466 in
526 3402 618 3487 plebe
641 3403 796 3487 subjecta.
845 3401 897 3464 Sic
920 3401 1078 3486 profectb,
1096 3405 1141 3468 sic
1167 3405 1303 3470 Sanctus
1329 3344 1402 3473 Sex

257 3490 415 3568 oswinus,
442 3489 517 3578 quia
539 3512 619 3574 gens
645 3512 704 3553 sua
726 3510 791 3552 non
816 3488 934 3552 meruit
959 3489 1056 3555 talem
1081 3492 1202 3557 habere
1228 3505 1399 3573 rectorem,

253 3577 361 3667 gladio
377 3577 585 3642 transfoditur
600 3575 792 3652 invidorum,
804 3588 838 3641 et
853 3576 896 3640 ad
915 3576 1107 3643 Sanctorum
1121 3580 1312 3644 transfertur
1327 3604 1403 3645 con-

254 3664 353 3730 sortia
370 3665 579 3750 Angelorum.
626 3663 743 3728 Nullus
766 3662 856 3726 stilus
872 3662 947 3726 vitae
970 3665 1037 3750 ejus
1053 3666 1258 3731 sanctissima²
1273 3667 1400 3747 serIem,

252 3753 334 3818 sicat
349 3775 408 3817 nec
428 3753 536 3817 Sancti
554 3749 796 3815 Melchisedech
811 3749 904 3834 plene
917 3751 1031 3829 texuit,
1049 3753 1101 3817 vel
1116 3752 1211 3838 digne
1227 3769 1263 3819 ut
1279 3755 1399 3834 decuit,

252 3840 311 3904 nisi
339 3839 537 3904 Venerabilis
566 3838 658 3902 Beda
683 3836 716 3900 in
743 3837 921 3920 Auglorum
951 3836 1093 3922 hystoria
1118 3841 1260 3906 breviter
1285 3865 1403 3928 magna

252 3927 477 4028 perstringens,
495 3941 529 3991 et
547 3925 650 3989 multa
664 3922 852 4006 constringit
866 3947 875 3999 ;
898 3923 1009 4010 quide
1030 3926 1148 3992 Sancto
1163 3951 1228 3992 non
1244 3929 1344 4015 princi
1367 3953 1402 3994 a·

250 4014 324 4080 liter
339 4015 459 4093 scribit,
476 4014 534 4078 sed
556 4011 734 4076 incidenter
756 4009 952 4074 mentionem
974 4011 1061 4076 facit.
1108 4014 1161 4078 De
1181 4017 1290 4087 Sancti
1315 3953 1402 4082 nlil-

251 4102 421 4168 chisedech
449 4100 515 4164 vita
540 4098 696 4182 scriptura
722 4118 782 4160 nec
808 4118 922 4180 parum
948 4097 1026 4185 quid
1051 4100 1204 4188 loquitur,
1233 4113 1266 4168 et
1294 4117 1402 4169 tamen

251 4193 396 4255 crebram
409 4191 479 4277 ejus
494 4185 690 4249 mentionem
712 4182 831 4247 faciens
854 4183 1084 4251 sanctissimum
1106 4211 1217 4278 regem
1232 4191 1329 4255 fuisse
1353 4191 1403 4257 in-

249 4276 406 4342 sinuando
422 4285 567 4339 testatur.
631 4269 684 4334 Sic
699 4268 759 4333 etsi
775 4269 816 4333 de
832 4269 898 4334 vita
917 4271 1025 4337 Sancti
1051 4273 1150 4360 Regis
1165 4278 1265 4342 nostri
1286 4300 1401 4363 parum

249 4364 414 4450 scripturae
436 4357 596 4425 beneficio
618 4356 817 4441 colligamus,
844 4356 975 4424 invento
999 4363 1066 4447 ejus
1096 4363 1236 4446 glorioso
1266 4388 1405 4450 corpore.
