2888 5018
148 387 197 455 32
590 399 682 448 vira
711 399 850 449 oswnu

151 564 223 649 Ego
239 562 321 627 enim
338 583 408 625 sum
434 559 506 626 Rex
529 572 562 624 et
587 560 714 646 Martyr
741 560 899 638 OswinuS,
916 562 970 647 qui
994 559 1051 624 tibi
1075 561 1162 644 apud
1183 560 1294 627 Deum

146 647 338 735 patrocinari
353 647 504 710 suffiei0.’'
546 646 671 720 Quibus
687 647 790 725 dictis,
807 647 922 711 mulier
936 647 1072 711 insolitae
1087 647 1217 712 visionis
1232 650 1295 713 sul·

146 757 259 821 gorem
274 736 330 797 vix
345 732 511 811 sustinens,
529 733 574 797 ita
589 733 648 798 sibi
666 758 743 799 voce
759 734 889 821 quidem
906 734 1052 811 tremula,
1069 733 1294 821 flebilibusque

147 820 287 905 suspiriis
310 819 510 905 respondisse
533 820 714 885 videbatur.
761 831 783 861 “
798 820 933 884 Peccavi
957 820 1084 884 domine
1107 820 1163 898 mi,
1188 821 1295 886 fateor

145 906 298 992 peecavi3
322 906 471 971 miserere
488 905 611 970 ancillae
628 920 693 970 tuae
708 905 925 971 miserabilis.’'
974 907 1108 970 atille:
1135 908 1292 973 “Valde”

145 993 250 1080 inquit
263 1003 286 1033 “
296 993 441 1078 displicet
451 993 538 1071 mihi,
549 994 610 1058 hoc
623 993 805 1058 indiscretae
817 992 1026 1078 simplicitatis
1039 1012 1103 1057 tuoe
1113 994 1294 1059 consilium.

146 1079 285 1145 Noveris
308 1079 406 1164 igitur
428 1080 503 1166 quia
517 1081 615 1144 modo
631 1081 761 1165 quidem
783 1103 986 1170 nequaquam
1008 1079 1163 1158 morieris,
1180 1104 1295 1146 verum

145 1179 255 1232 tamen
277 1166 358 1230 dura
379 1167 543 1251 praesentis
567 1166 724 1231 molestiae
746 1168 872 1251 flagelli
895 1166 1036 1251 patieris.
1084 1167 1167 1232 Cum
1184 1181 1294 1233 autem

146 1253 212 1318 Dei
237 1253 408 1318 clementia
432 1253 544 1319 melius
568 1255 688 1318 habere
712 1254 856 1338 coeperis,
876 1253 947 1317 vide
964 1266 1000 1316 ut
1015 1253 1057 1317 ad
1078 1254 1245 1318 ecclesiam
1260 1255 1294 1317 in

144 1342 208 1427 qua
223 1363 337 1425 corpus
347 1363 454 1404 meum
464 1341 635 1428 requiescit
645 1341 785 1418 veniens,
799 1353 875 1404 ante
887 1341 1061 1425 sepulturae
1076 1362 1158 1404 meae
1173 1341 1294 1420 locum,

146 1451 220 1492 cum
247 1427 420 1492 devotione
447 1440 575 1492 noctem
603 1451 645 1492 ex
671 1428 799 1516 integro
825 1427 958 1515 vigiles3
982 1427 1090 1513 ibique
1116 1427 1293 1511 plenariam

146 1514 287 1599 corporis
303 1515 351 1578 tui
366 1515 499 1599 recipies
515 1515 716 1579 sanitatem.'’
757 1515 800 1578 Et
815 1514 863 1577 his
879 1514 982 1592 dictis,
1001 1511 1017 1578 :l
1033 1514 1205 1597 praesentia
1220 1516 1295 1579 sub-

146 1602 229 1679 latus
249 1614 298 1666 est
320 1602 472 1665 mulieris.
519 1602 638 1665 Mulier
654 1601 822 1691 veraedum
838 1602 928 1686 quasi
950 1601 992 1665 ad
1018 1600 1112 1664 Beati
1137 1601 1293 1688 Martyris

146 1688 386 1772 disparitionem
415 1689 493 1752 flens
521 1700 555 1752 et
582 1689 715 1773 ejulanS,
743 1687 881 1774 qualiter
903 1687 935 1751 iu
959 1687 1075 1751 somnis
1102 1687 1173 1751 fieri
1199 1689 1293 1765 solet,

145 1775 287 1860 graviter
301 1775 532 1859 ingemisceret,
549 1774 744 1839 suscitaturi
761 1774 897 1849 familiei3
914 1788 947 1839 et
962 1775 1113 1860 quidnam
1129 1773 1292 1840 habuisset

146 1861 308 1948 requisita,
330 1862 429 1926 refert
448 1885 520 1948 quae
541 1862 675 1924 viderat.
721 1862 826 1948 Igitur
838 1863 965 1926 evoluti
990 1863 1114 1925 dierum
1129 1861 1293 1945 paucitate

145 1949 227 2013 sicut
243 1948 398 2027 audierat,
416 1951 433 2012 ὲ
453 1949 510 2012 suri
528 1949 752 2012 convalescens
768 1948 953 2013 infirmitate
970 1948 1080 2012 debita
1100 1962 1177 2012 vota
1196 1949 1293 2012 devo-

144 2035 238 2099 tionis
264 2036 338 2100 Deo
358 2037 541 2121 Sanctaque
566 2035 704 2120 Martyri
726 2037 909 2120 persolvere
932 2035 1066 2112 studuit,
1083 2048 1115 2099 et
1130 2036 1164 2098 in
1178 2035 1291 2100 eadem

145 2145 241 2273 qugm
260 2123 398 2187 diximus
422 2123 496 2186 villa
518 2123 670 2208 plurimos
693 2136 806 2207 postea
822 2123 896 2186 vitae
912 2123 979 2186 dies
1005 2136 1038 2186 et
1064 2122 1292 2188 incolumitatis

168 2233 187 2274 a
210 2223 268 2273 urt.

147 2472 245 2537 CAP.
263 2474 299 2536 X
301 2445 597 2551 VIlL-anmodo
611 2476 732 2554 quidem
745 2475 907 2553 presbiter
921 2473 942 2538 ὰ
957 2475 1071 2554 fetore,
1088 2493 1176 2554 qaam
1190 2477 1295 2537 sanies

231 2561 556 2640 crp'uedumwalaerati
574 2562 768 2640 evaporabat,
785 2564 818 2622 ia
833 2562 1041 2642 irfirmitatem
1058 2564 1183 2640 pariter
1195 2571 1225 2623 et
1236 2583 1294 2624 ca·

232 2651 353 2711 citatem
368 2649 486 2723 incidit,
504 2655 573 2710 ante
588 2647 812 2728 ey'arfiretram
828 2652 967 2711 vitamet
980 2651 1141 2710 sanitatem
1155 2651 1278 2728 recepit.

195 2819 334 2895 Quidam
353 2819 522 2904 presbiter,
543 2819 705 2884 Osbernus
724 2820 863 2895 nomine,
880 2820 1053 2905 aliquando
1072 2819 1181 2883 vicarii
1201 2819 1294 2883 func·

145 2920 197 2971 tus
213 2921 260 2971 est
276 2906 380 2970 officio
395 2907 429 2968 in
444 2905 577 2970 ecclesia
593 2907 633 2972 de
651 2908 880 2993 Tynemudtha
893 2931 901 2982 3
926 2919 959 2971 et
974 2920 1087 2992 postea
1101 2906 1233 2990 capellae
1249 2907 1290 2970 de

149 2994 300 3057 Hortuna
323 2993 467 3057 minister
491 2993 630 3057 extitit,
658 2995 820 3079 Tempore
844 2994 943 3078 igitur
967 2994 1023 3057 illo
1045 3017 1110 3081 quo
1134 2993 1167 3056 in
1185 2994 1294 3079 Tync-

146 3079 280 3144 mudtha
299 3079 406 3143 divina
426 3081 610 3158 celebravit,
634 3082 675 3145 ad
694 3082 885 3146 visitandum
906 3081 1067 3167 quendum
1086 3080 1127 3145 de
1148 3080 1295 3165 parochi·

151 3169 219 3232 anis
243 3167 306 3229 suis
329 3178 425 3250 caput
448 3167 545 3232 laetali
567 3169 698 3233 vulnere
714 3169 844 3246 fossum,
862 3168 914 3232 die
930 3168 1067 3253 quadam
1082 3167 1237 3242 accessit;
1261 3179 1294 3231 et

151 3254 292 3318 residens
309 3265 383 3318 aute
399 3255 598 3319 vulneratum
614 3256 669 3318 vix
685 3256 833 3319 ultimum
851 3255 996 3339 spiritum
1012 3256 1203 3332 trahentem,
1220 3254 1296 3341 quia

151 3340 277 3426 corpori
301 3364 366 3404 non
392 3342 508 3426 potuit,
536 3345 651 3407 auimae
678 3343 790 3406 saltem
816 3343 939 3407 mederi
966 3343 1098 3407 studuit.
1147 3342 1191 3406 Et
1217 3342 1295 3405 dum

150 3450 330 3493 sermonem
342 3429 596 3495 exhortatorium
607 3431 648 3494 de
664 3429 852 3494 confitendis
867 3430 1005 3514 peccatis
1016 3430 1059 3494 ad
1074 3452 1147 3494 eum
1163 3429 1295 3507 faceret,

153 3516 298 3601 eccequi
315 3516 426 3580 vulnus
445 3518 584 3602 primum
603 3517 773 3594 inflixerat,
791 3517 872 3580 furia
888 3530 997 3582 vectus
1013 3518 1160 3594 accurrit,
1178 3528 1211 3580 et
1230 3515 1297 3600 gla-

152 3603 218 3680 dio,
236 3625 332 3688 quem
347 3605 491 3669 strictum
507 3617 541 3669 et
552 3606 756 3688 evaginatum
768 3605 911 3682 tenebat,
927 3606 1039 3669 vulnus
1054 3605 1087 3667 in
1101 3603 1186 3668 idem
1196 3602 1298 3686 gemi-⁴

152 3689 260 3765 navit3
276 3705 310 3755 et
324 3715 383 3756 nec
401 3693 509 3756 Deum
523 3692 647 3769 timeus,
660 3713 720 3754 nec
729 3713 879 3756 reverens
890 3692 1065 3770 hominem,
1083 3691 1115 3754 in
1126 3689 1297 3775 praesentiri

154 3778 328 3842 sacerdotis
348 3779 524 3856 assidentia,
541 3791 679 3842 mortem
697 3779 833 3862 urgebat
856 3779 1032 3842 morientis.
1079 3779 1163 3841 Mox
1186 3799 1297 3862 recep-

153 3865 235 3929 toria
246 3867 369 3931 cerebri
382 3869 464 3932 testa
474 3866 579 3950 rupta,
590 3864 713 3928 fumum
725 3866 929 3929 tenebrosum
942 3879 976 3930 et
990 3866 1140 3931 soetorem
1151 3863 1298 3929 tabidum

151 3951 284 4038 largiter
309 3955 425 4032 emisit,
457 3966 490 4018 et
518 3952 648 4015 Osberti
675 3951 783 4014 oculos
814 3953 1025 4017 incontinenti
1047 3952 1137 4039 quasi
1158 3951 1297 4039 quadam

153 4042 305 4106 caecitatis
321 4042 452 4129 squama
467 4037 603 4124 operuit,
621 4050 654 4101 et
667 4037 749 4102 inter
765 4051 898 4102 caeteros
914 4063 1022 4104 sensus
1035 4042 1103 4126 ejus
1113 4039 1298 4104 intolerabi-

152 4127 215 4191 lem
240 4130 381 4194 exalavit
405 4126 652 4209 corruptionem,
675 4125 817 4188 omniurn
840 4124 921 4210 pene
945 4150 1095 4192 sensuum
1119 4126 1297 4192 destituens

152 4215 268 4281 officio.
317 4213 498 4280 Astantium
514 4233 591 4274 vero
607 4212 700 4275 turba
715 4212 826 4276 videns
842 4226 876 4277 et
891 4214 1075 4293 condolens,
1093 4213 1171 4278 dure
1187 4213 1300 4278 deten-

151 4313 221 4366 tum
231 4303 315 4388 rapit
330 4299 540 4375 sacerdotem,
555 4309 588 4362 et
603 4298 670 4361 aeri
684 4312 836 4383 corrupto
848 4300 1047 4379 subtrahens,
1061 4302 1180 4390 quanta
1191 4301 1299 4384 potuit

153 4390 317 4456 celeritate
334 4389 376 4456 ad
392 4384 513 4474 proprii
527 4385 657 4471 hospitii
669 4385 775 4480 ⁷defert
791 4387 959 4456 officinam.
1008 4389 1076 4456 Ubi
1095 4390 1157 4456 tria
1172 4388 1298 4457 dierum
