2888 5018
573 342 669 396 vlra
696 339 836 396 SANCTI

276 507 407 595 Accipis
421 507 455 573 in
470 528 641 573 numerum
656 506 804 573 convivia
818 516 911 571 terna
925 503 1072 583 dierum;

275 596 523 684 Praedicensque
538 595 657 661 fretum
673 607 787 682 quarta
802 594 871 659 fore
886 594 958 658 luce
973 595 1132 745 puietum,

274 684 429 750 Praecinis
443 685 530 750 haud
546 684 624 749 ficta
633 707 643 760 3
660 704 735 748 nam
750 683 833 748 fiunt
848 680 961 748 ordine
999 683 1073 747 icta.

274 771 340 848 Tu,
356 772 431 838 licet
445 773 514 837 indi
539 795 592 850 no,
609 793 724 856 precor
739 770 818 835 assis
833 792 924 834 more
938 770 1103 858 benign03

276 858 379 925 Defer
393 883 489 946 opem
535 859 625 925 bristi
640 881 699 945 per
714 880 810 943 opem
826 879 923 945 quam
938 856 1144 943 promeruisti
1158 881 1168 933 ;

279 947 328 1014 Ut
343 948 479 1014 Domini
490 948 608 1013 dextra
623 968 674 1012 me
689 960 812 1012 recreet
826 945 913 1012 intus
928 958 961 1012 et
975 957 1080 1013 extra.

279 1286 397 1366 [CAP.
414 1281 651 1366 XIH-thod
657 1303 719 1367 per
733 1283 872 1367 aquilam
885 1282 984 1348 cibum
998 1283 1162 1364 acceperit.

275 1509 365 1574 Hinc
380 1529 453 1573 cum
463 1507 594 1596 jejunus
609 1506 748 1594 populos
763 1505 827 1572 ires
842 1507 1035 1584 moniturus,

276 1595 406 1660 Christo
421 1595 531 1674 dante,
547 1594 647 1680 dapes
663 1592 772 1673 sumis,
790 1616 870 1681 quas
882 1592 998 1660 detulit
1011 1595 1089 1665 ales.

275 1682 368 1747 Pisce
384 1680 443 1749 tibi
457 1682 525 1747 lato
539 1681 642 1747 reficis
657 1696 690 1747 te
705 1704 840 1747 munere
878 1693 960 1748 rato.

280 1770 345 1835 Per
359 1783 403 1849 te,
421 1792 544 1858 quaeso,
559 1770 659 1834 fidem
674 1768 773 1834 michi
787 1705 938 1836 conditor
951 1780 1070 1860 augeat
1084 1769 1192 1851 idem3

273 1857 327 1924 Ne
341 1880 414 1924 mea
429 1880 519 1925 mens
533 1870 639 1937 nutet,
655 1858 712 1923 sed
727 1871 873 1944 perstans
889 1879 973 1925 vana
986 1857 1125 1938 refutet3

277 1946 322 2013 Et
340 1946 472 2014 Christo
486 1945 579 2026 fidat,
596 1945 723 2012 famulis
739 1944 858 2012 solacia
873 1946 930 2034 qui
945 1946 1012 2013 dat.

138 2243 139 2246 Ὺ
243 2283 1073 2366 [cAP.X11r]-m0m0a0fauanaametverum
1088 2288 1190 2368 synon

551 2374 692 2460 precibus
706 2376 879 2438 conuenit.

277 2585 338 2665 Te,
355 2598 451 2672 pater
466 2585 611 2738 ἰηείἓηίε,
629 2586 759 2652 daemon
775 2587 906 2673 expavit
921 2598 953 2652 et
970 2589 1072 2676 ignis:

275 2675 400 2763 Ignem,
440 2697 513 2740 uem
554 2672 635 2754 nxit,
652 2687 709 2740 tua
723 2697 797 2741 cum
812 2698 908 2763 prece
922 2676 1055 2741 lacrima
1070 2679 1202 2746 strinxit
1215 2702 1224 2754 3

274 2762 379 2850 Inque
394 2697 460 2828 fide
478 2762 600 2829 Christi
611 2785 702 2828 veras
717 2764 862 2829 flammas
876 2763 1038 2849 pepulisti.

276 2850 334 2916 Me
345 2850 471 2939 fugiant
485 2873 545 2938 per
560 2864 592 2916 te
606 2853 751 2929 Satanas,
769 2874 878 2929 venus,
892 2851 994 2917 hostis
1010 2865 1166 2942 uterque,

276 2937 400 3002 Fervor
414 2938 566 3018 fervores,
584 2952 616 3004 et
631 2962 723 3003 amor
738 2938 897 3024 propellat
912 2963 1038 3006 amores
1051 2967 1062 3018 3

276 3024 342 3090 Sed
357 3047 446 3089 sacer
460 3025 604 3110 injustos,
621 3049 723 3091 novus
740 3040 772 3091 et
787 3027 829 3093 de
844 3028 943 3093 corde
958 3042 1125 3106 vetustos3

276 3111 407 3200 Corque
418 3135 527 3178 meum
542 3113 690 3193 mundet,
707 3114 794 3201 quod
811 3138 865 3180 ros
880 3115 1018 3183 coelestia
1034 3117 1180 3187 inundet.

297 3447 416 3530 [CAP.
433 3449 490 3516 XI
491 3449 579 3531 V.]-
592 3449 686 3529 Quod
699 3450 850 3603 ἰηὲἵίνῖανη,
866 3453 992 3518 necdum
998 3472 1135 3536 presens,

631 3555 730 3602 rauco
790 3582 799 3604 .

281 3760 429 3835 Qualiter
443 3760 507 3826 hoc
518 3760 658 3848 pandam
673 3784 770 3849 quam
786 3783 872 3828 saevo
887 3769 1032 3830 daemoue
1048 3764 1210 3853 quandam

279 3851 382 3915 Sensu
398 3847 531 3934 privarit
545 3849 644 3928 furor,
661 3864 694 3915 et
709 3849 800 3916 furiis
816 3850 964 3940 agitarit3

280 3936 389 4014 Motu,
407 3936 558 4017 clamore,
572 3951 680 4039 gestu,
694 3937 894 4019 stridoribus,
911 3963 987 4017 ore3

280 4023 439 4089 Omnibus
454 4024 581 4090 horrori
597 4024 695 4090 nimio
710 4025 771 4090 fuit
785 4038 883 4113 atque
898 4029 1017 4107 timori,

278 4111 493 4201 Membraque
507 4134 566 4200 per
580 4135 704 4178 morsus
718 4112 861 4179 lacerans
875 4126 908 4179 et
924 4117 1068 4202 tegmina
1079 4137 1224 4204 prorsus,

281 4200 428 4287 Urgetur
442 4201 514 4266 dire
528 4201 632 4286 poenia
647 4214 794 4267 extrema
808 4202 938 4270 subire:

280 4287 388 4366 Quam
401 4287 584 4362 miserando
598 4289 685 4371 satis,
700 4310 775 4358 eum
789 4289 896 4375 vertis,
912 4293 961 4360 vir
975 4293 1116 4384 pietatis,
