<?xml version="1.0" encoding="UTF-8"?>
<!DOCTYPE html PUBLIC "-//W3C//DTD XHTML 1.0 Transitional//EN"
    "http://www.w3.org/TR/xhtml1/DTD/xhtml1-transitional.dtd">
<html xmlns="http://www.w3.org/1999/xhtml" xml:lang="en" lang="en">
 <head>
  <title>
</title>
<meta http-equiv="Content-Type" content="text/html;charset=utf-8" />
  <meta name='ocr-system' content='tesseract 3.04.00' />
  <meta name='ocr-capabilities' content='ocr_page ocr_carea ocr_par ocr_line ocrx_word'/>
</head>
<body>
  <div class='ocr_page' id='page_1' title='image "./miscellaneabiog00raingoog_0039.png"; bbox 0 0 2888 5018; ppageno 0'>
   <div class='ocr_carea' id='block_1_1' title="bbox 146 326 849 390">
    <p class='ocr_par' dir='ltr' id='par_1_1' title="bbox 146 326 849 390">
     <span class='ocr_line' id='line_1_1' title="bbox 146 326 849 390; baseline -0.006 -2"><span class='ocrx_word' id='word_1_1' title='bbox 146 326 190 388; x_wconf 83' lang='lat'><strong>18</strong></span> <span class='ocrx_word' id='word_1_2' title='bbox 409 385 411 390; x_wconf 86' lang='grc'>,</span> <span class='ocrx_word' id='word_1_3' title='bbox 591 339 681 384; x_wconf 74' lang='lat' dir='ltr'><strong>trra</strong></span> <span class='ocrx_word' id='word_1_4' title='bbox 711 338 849 386; x_wconf 70' lang='lat' dir='ltr'><strong>osu&#39;txr</strong></span> 
     </span>
    </p>
   </div>
   <div class='ocr_carea' id='block_1_2' title="bbox 77 497 1303 3086">
    <p class='ocr_par' dir='ltr' id='par_1_2' title="bbox 144 497 1303 2152">
     <span class='ocr_line' id='line_1_2' title="bbox 144 497 1300 584; baseline 0.003 -20"><span class='ocrx_word' id='word_1_5' title='bbox 144 499 253 564; x_wconf 95' lang='lat' dir='ltr'><strong>modio</strong></span> <span class='ocrx_word' id='word_1_6' title='bbox 276 499 483 563; x_wconf 88' lang='lat' dir='ltr'><strong>recluserunt.</strong></span> <span class='ocrx_word' id='word_1_7' title='bbox 543 497 644 560; x_wconf 89' lang='lat' dir='ltr'><strong>Porro</strong></span> <span class='ocrx_word' id='word_1_8' title='bbox 667 520 707 561; x_wconf 92' lang='lat' dir='ltr'><strong>ne</strong></span> <span class='ocrx_word' id='word_1_9' title='bbox 731 520 788 562; x_wconf 93' lang='lat' dir='ltr'><strong>nos</strong></span> <span class='ocrx_word' id='word_1_10' title='bbox 812 497 967 562; x_wconf 86' lang='lat' dir='ltr'><strong>consimili</strong></span> <span class='ocrx_word' id='word_1_11' title='bbox 990 499 1127 584; x_wconf 88' lang='lat' dir='ltr'><strong>impetiti</strong></span> <span class='ocrx_word' id='word_1_12' title='bbox 1152 501 1300 580; x_wconf 90' lang='lat' dir='ltr'><strong>crimine,</strong></span> 
     </span>
     <span class='ocr_line' id='line_1_3' title="bbox 145 584 1303 677; baseline 0.003 -27"><span class='ocrx_word' id='word_1_13' title='bbox 145 586 357 650; x_wconf 86' lang='lat' dir='ltr'><strong>damnationis</strong></span> <span class='ocrx_word' id='word_1_14' title='bbox 379 586 479 669; x_wconf 81' lang='lat' dir='ltr'><strong>justae</strong></span> <span class='ocrx_word' id='word_1_15' title='bbox 506 585 717 668; x_wconf 85' lang='lat' dir='ltr'>percellamur</span> <span class='ocrx_word' id='word_1_16' title='bbox 750 584 918 662; x_wconf 67' lang='lat' dir='ltr'><strong>sententia,</strong></span> <span class='ocrx_word' id='word_1_17' title='bbox 942 587 969 648; x_wconf 92' lang='lat' dir='ltr'><strong>si</strong></span> <span class='ocrx_word' id='word_1_18' title='bbox 1000 587 1198 652; x_wconf 77' lang='lat' dir='ltr'><strong>tacuerimus</strong></span> <span class='ocrx_word' id='word_1_19' title='bbox 1229 613 1303 677; x_wconf 82' lang='lat' dir='ltr'><strong>quae</strong></span> 
     </span>
     <span class='ocr_line' id='line_1_4' title="bbox 146 671 1303 757; baseline 0.006 -23"><span class='ocrx_word' id='word_1_20' title='bbox 146 672 294 749; x_wconf 91' lang='lat' dir='ltr'><strong>vidimus,</strong></span> <span class='ocrx_word' id='word_1_21' title='bbox 308 673 358 736; x_wconf 86' lang='lat' dir='ltr'><strong>vel</strong></span> <span class='ocrx_word' id='word_1_22' title='bbox 370 694 443 757; x_wconf 86' lang='lat' dir='ltr'><strong>quae</strong></span> <span class='ocrx_word' id='word_1_23' title='bbox 454 671 596 735; x_wconf 87' lang='lat' dir='ltr'><strong>veridico</strong></span> <span class='ocrx_word' id='word_1_24' title='bbox 611 672 714 736; x_wconf 88' lang='lat' dir='ltr'><strong>relatu</strong></span> <span class='ocrx_word' id='word_1_25' title='bbox 725 671 904 735; x_wconf 90' lang='lat' dir='ltr'><strong>audivimus</strong></span> <span class='ocrx_word' id='word_1_26' title='bbox 924 672 1032 737; x_wconf 84' lang='lat' dir='ltr'><strong>Sancti</strong></span> <span class='ocrx_word' id='word_1_27' title='bbox 1042 673 1212 754; x_wconf 84' lang='lat' dir='ltr'><strong>miracula,</strong></span> <span class='ocrx_word' id='word_1_28' title='bbox 1225 699 1303 741; x_wconf 87' lang='lat' dir='ltr'><strong>ecce</strong></span> 
     </span>
     <span class='ocr_line' id='line_1_5' title="bbox 147 757 1300 851; baseline 0.004 -28"><span class='ocrx_word' id='word_1_29' title='bbox 147 760 179 823; x_wconf 91' lang='lat' dir='ltr'><strong>in</strong></span> <span class='ocrx_word' id='word_1_30' title='bbox 196 781 294 822; x_wconf 91' lang='lat' dir='ltr'><strong>unum</strong></span> <span class='ocrx_word' id='word_1_31' title='bbox 310 781 424 844; x_wconf 92' lang='lat' dir='ltr'><strong>corpus</strong></span> <span class='ocrx_word' id='word_1_32' title='bbox 434 758 621 842; x_wconf 86' lang='lat' dir='ltr'><strong>colligimus,</strong></span> <span class='ocrx_word' id='word_1_33' title='bbox 636 771 702 822; x_wconf 89' lang='lat' dir='ltr'><strong>tam</strong></span> <span class='ocrx_word' id='word_1_34' title='bbox 714 780 787 845; x_wconf 87' lang='lat' dir='ltr'><strong>quae</strong></span> <span class='ocrx_word' id='word_1_35' title='bbox 798 757 916 843; x_wconf 90' lang='lat' dir='ltr'><strong>scripta</strong></span> <span class='ocrx_word' id='word_1_36' title='bbox 931 775 1005 824; x_wconf 91' lang='lat' dir='ltr'><strong>sunt</strong></span> <span class='ocrx_word' id='word_1_37' title='bbox 1021 774 1097 825; x_wconf 89' lang='lat' dir='ltr'><strong>aute</strong></span> <span class='ocrx_word' id='word_1_38' title='bbox 1111 784 1184 840; x_wconf 79' lang='lat' dir='ltr'><strong>nos,</strong></span> <span class='ocrx_word' id='word_1_39' title='bbox 1203 785 1300 851; x_wconf 86' lang='lat' dir='ltr'><strong>qnam</strong></span> 
     </span>
     <span class='ocr_line' id='line_1_6' title="bbox 148 844 1301 933; baseline 0.003 -23"><span class='ocrx_word' id='word_1_40' title='bbox 148 869 221 933; x_wconf 89' lang='lat' dir='ltr'><strong>quae</strong></span> <span class='ocrx_word' id='word_1_41' title='bbox 233 845 413 930; x_wconf 85' lang='lat' dir='ltr'><strong>scripsimus</strong></span> <span class='ocrx_word' id='word_1_42' title='bbox 428 868 498 922; x_wconf 92' lang='lat' dir='ltr'><strong>uos,</strong></span> <span class='ocrx_word' id='word_1_43' title='bbox 514 844 622 909; x_wconf 87' lang='lat' dir='ltr'><strong>Sancti</strong></span> <span class='ocrx_word' id='word_1_44' title='bbox 646 845 742 928; x_wconf 88' lang='lat' dir='ltr'><strong>Regis</strong></span> <span class='ocrx_word' id='word_1_45' title='bbox 758 844 866 928; x_wconf 86' lang='lat' dir='ltr'><strong>signa:</strong></span> <span class='ocrx_word' id='word_1_46' title='bbox 892 859 928 909; x_wconf 91' lang='lat' dir='ltr'><strong>ut</strong></span> <span class='ocrx_word' id='word_1_47' title='bbox 946 846 1060 910; x_wconf 66' lang='lat' dir='ltr'><strong>sicuti</strong></span> <span class='ocrx_word' id='word_1_48' title='bbox 1080 850 1217 932; x_wconf 86' lang='lat' dir='ltr'><strong>speculo</strong></span> <span class='ocrx_word' id='word_1_49' title='bbox 1236 872 1301 913; x_wconf 91' lang='lat' dir='ltr'><strong>non</strong></span> 
     </span>
     <span class='ocr_line' id='line_1_7' title="bbox 147 931 1301 1018; baseline 0.004 -22"><span class='ocrx_word' id='word_1_50' title='bbox 147 955 310 1018; x_wconf 90' lang='lat' dir='ltr'><strong>nunquam</strong></span> <span class='ocrx_word' id='word_1_51' title='bbox 326 944 564 1016; x_wconf 82' lang='lat' dir='ltr'><strong>representatur</strong></span> <span class='ocrx_word' id='word_1_52' title='bbox 579 931 665 1015; x_wconf 93' lang='lat' dir='ltr'><strong>prius</strong></span> <span class='ocrx_word' id='word_1_53' title='bbox 681 931 809 994; x_wconf 71' lang='lat' dir='ltr'><strong>minime</strong></span> <span class='ocrx_word' id='word_1_54' title='bbox 824 931 892 996; x_wconf 86' lang='lat' dir='ltr'><strong>visa</strong></span> <span class='ocrx_word' id='word_1_55' title='bbox 908 933 1024 1017; x_wconf 88' lang='lat' dir='ltr'><strong>imago,</strong></span> <span class='ocrx_word' id='word_1_56' title='bbox 1042 933 1086 997; x_wconf 91' lang='lat' dir='ltr'><strong>sic</strong></span> <span class='ocrx_word' id='word_1_57' title='bbox 1109 957 1153 999; x_wconf 88' lang='lat' dir='ltr'><strong>cx</strong></span> <span class='ocrx_word' id='word_1_58' title='bbox 1169 937 1301 1001; x_wconf 85' lang='lat' dir='ltr'><strong>mirabi-</strong></span> 
     </span>
     <span class='ocr_line' id='line_1_8' title="bbox 147 1018 1300 1104; baseline 0.004 -21"><span class='ocrx_word' id='word_1_59' title='bbox 147 1020 230 1084; x_wconf 91' lang='lat' dir='ltr'><strong>libus</strong></span> <span class='ocrx_word' id='word_1_60' title='bbox 246 1041 304 1104; x_wconf 88' lang='lat' dir='ltr'><strong>per</strong></span> <span class='ocrx_word' id='word_1_61' title='bbox 324 1020 477 1084; x_wconf 90' lang='lat' dir='ltr'><strong>Sanctum</strong></span> <span class='ocrx_word' id='word_1_62' title='bbox 494 1018 667 1082; x_wconf 90' lang='lat' dir='ltr'><strong>immutatis</strong></span> <span class='ocrx_word' id='word_1_63' title='bbox 684 1018 862 1083; x_wconf 88' lang='lat' dir='ltr'><strong>innotescat</strong></span> <span class='ocrx_word' id='word_1_64' title='bbox 882 1020 991 1083; x_wconf 87' lang='lat' dir='ltr'><strong>Sancti</strong></span> <span class='ocrx_word' id='word_1_65' title='bbox 1002 1021 1162 1100; x_wconf 89' lang='lat' dir='ltr'><strong>meritum,</strong></span> <span class='ocrx_word' id='word_1_66' title='bbox 1182 1023 1300 1088; x_wconf 89' lang='lat' dir='ltr'><strong>nullius</strong></span> 
     </span>
     <span class='ocr_line' id='line_1_9' title="bbox 148 1104 1300 1195; baseline 0.005 -25"><span class='ocrx_word' id='word_1_67' title='bbox 148 1106 312 1191; x_wconf 66' lang='lat' dir='ltr'><strong>scripturae</strong></span> <span class='ocrx_word' id='word_1_68' title='bbox 335 1104 492 1170; x_wconf 86' lang='lat' dir='ltr'><strong>beneficio</strong></span> <span class='ocrx_word' id='word_1_69' title='bbox 508 1104 598 1189; x_wconf 75' lang='lat' dir='ltr'><strong>plene</strong></span> <span class='ocrx_word' id='word_1_70' title='bbox 614 1105 656 1169; x_wconf 87' lang='lat' dir='ltr'><strong>ad</strong></span> <span class='ocrx_word' id='word_1_71' title='bbox 671 1128 728 1167; x_wconf 93' lang='lat' dir='ltr'><strong>uos</strong></span> <span class='ocrx_word' id='word_1_72' title='bbox 744 1105 941 1170; x_wconf 90' lang='lat' dir='ltr'><strong>devolutum.</strong></span> <span class='ocrx_word' id='word_1_73' title='bbox 1000 1108 1108 1172; x_wconf 88' lang='lat' dir='ltr'><strong>Multa</strong></span> <span class='ocrx_word' id='word_1_74' title='bbox 1123 1109 1246 1195; x_wconf 89' lang='lat' dir='ltr'><strong>quippe</strong></span> <span class='ocrx_word' id='word_1_75' title='bbox 1268 1125 1300 1176; x_wconf 90' lang='lat' dir='ltr'><strong>et</strong></span> 
     </span>
     <span class='ocr_line' id='line_1_10' title="bbox 147 1191 1301 1278; baseline 0.004 -21"><span class='ocrx_word' id='word_1_76' title='bbox 147 1216 264 1278; x_wconf 88' lang='lat' dir='ltr'><strong>magna</strong></span> <span class='ocrx_word' id='word_1_77' title='bbox 279 1193 396 1257; x_wconf 85' lang='lat' dir='ltr'><strong>celebri</strong></span> <span class='ocrx_word' id='word_1_78' title='bbox 413 1191 507 1256; x_wconf 90' lang='lat' dir='ltr'><strong>laude</strong></span> <span class='ocrx_word' id='word_1_79' title='bbox 529 1192 627 1277; x_wconf 90' lang='lat' dir='ltr'><strong>digna</strong></span> <span class='ocrx_word' id='word_1_80' title='bbox 649 1191 776 1269; x_wconf 89' lang='lat' dir='ltr'><strong>meruit,</strong></span> <span class='ocrx_word' id='word_1_81' title='bbox 794 1192 848 1277; x_wconf 92' lang='lat' dir='ltr'><strong>qui</strong></span> <span class='ocrx_word' id='word_1_82' title='bbox 865 1193 966 1257; x_wconf 84' lang='lat' dir='ltr'><strong>multa</strong></span> <span class='ocrx_word' id='word_1_83' title='bbox 981 1209 1013 1258; x_wconf 90' lang='lat' dir='ltr'><strong>et</strong></span> <span class='ocrx_word' id='word_1_84' title='bbox 1028 1194 1173 1260; x_wconf 88' lang='lat' dir='ltr'><strong>inaudita</strong></span> <span class='ocrx_word' id='word_1_85' title='bbox 1188 1197 1301 1262; x_wconf 86' lang='lat' dir='ltr'><strong>lauda·</strong></span> 
     </span>
     <span class='ocr_line' id='line_1_11' title="bbox 147 1278 1298 1369; baseline 0.003 -25"><span class='ocrx_word' id='word_1_86' title='bbox 147 1281 224 1344; x_wconf 89' lang='lat' dir='ltr'><strong>bilia</strong></span> <span class='ocrx_word' id='word_1_87' title='bbox 249 1279 365 1344; x_wconf 75' lang='lat' dir='ltr'><strong>cotidie</strong></span> <span class='ocrx_word' id='word_1_88' title='bbox 390 1279 477 1342; x_wconf 84' lang='lat' dir='ltr'><strong>facit.</strong></span> <span class='ocrx_word' id='word_1_89' title='bbox 528 1279 636 1342; x_wconf 89' lang='lat' dir='ltr'><strong>Sancti</strong></span> <span class='ocrx_word' id='word_1_90' title='bbox 658 1278 896 1343; x_wconf 88' lang='lat' dir='ltr'><strong>Melchisedech</strong></span> <span class='ocrx_word' id='word_1_91' title='bbox 919 1279 1068 1367; x_wconf 84' lang='lat' dir='ltr'><strong>frequens</strong></span> <span class='ocrx_word' id='word_1_92' title='bbox 1092 1283 1199 1347; x_wconf 91' lang='lat' dir='ltr'><strong>estin</strong></span> <span class='ocrx_word' id='word_1_93' title='bbox 1223 1307 1298 1369; x_wconf 91' lang='lat' dir='ltr'><strong>pro-</strong></span> 
     </span>
     <span class='ocr_line' id='line_1_12' title="bbox 149 1366 1297 1453; baseline 0.003 -22"><span class='ocrx_word' id='word_1_94' title='bbox 149 1367 255 1453; x_wconf 92' lang='lat' dir='ltr'><strong>phetis</strong></span> <span class='ocrx_word' id='word_1_95' title='bbox 270 1367 401 1443; x_wconf 89' lang='lat' dir='ltr'><strong>mentio,</strong></span> <span class='ocrx_word' id='word_1_96' title='bbox 419 1381 452 1430; x_wconf 89' lang='lat' dir='ltr'><strong>et</strong></span> <span class='ocrx_word' id='word_1_97' title='bbox 468 1367 583 1429; x_wconf 89' lang='lat' dir='ltr'><strong>sanctis</strong></span> <span class='ocrx_word' id='word_1_98' title='bbox 606 1366 825 1429; x_wconf 86' lang='lat' dir='ltr'><strong>sacerdotibus</strong></span> <span class='ocrx_word' id='word_1_99' title='bbox 840 1368 1031 1450; x_wconf 87' lang='lat' dir='ltr'><strong>proponitur</strong></span> <span class='ocrx_word' id='word_1_100' title='bbox 1045 1369 1165 1433; x_wconf 89' lang='lat' dir='ltr'><strong>ordinis</strong></span> <span class='ocrx_word' id='word_1_101' title='bbox 1181 1371 1297 1450; x_wconf 81' lang='lat' dir='ltr'><strong>forma,</strong></span> 
     </span>
     <span class='ocr_line' id='line_1_13' title="bbox 149 1452 1300 1541; baseline 0.003 -23"><span class='ocrx_word' id='word_1_102' title='bbox 149 1457 239 1541; x_wconf 88' lang='lat' dir='ltr'><strong>cujus</strong></span> <span class='ocrx_word' id='word_1_103' title='bbox 262 1454 328 1517; x_wconf 84' lang='lat' dir='ltr'><strong>vita</strong></span> <span class='ocrx_word' id='word_1_104' title='bbox 351 1453 438 1517; x_wconf 90' lang='lat' dir='ltr'><strong>nullo</strong></span> <span class='ocrx_word' id='word_1_105' title='bbox 460 1452 577 1536; x_wconf 87' lang='lat' dir='ltr'><strong>legitur</strong></span> <span class='ocrx_word' id='word_1_106' title='bbox 596 1454 718 1516; x_wconf 86' lang='lat' dir='ltr'><strong>calamo</strong></span> <span class='ocrx_word' id='word_1_107' title='bbox 734 1467 887 1529; x_wconf 84' lang='lat' dir='ltr'><strong>exarata3</strong></span> <span class='ocrx_word' id='word_1_108' title='bbox 911 1470 944 1517; x_wconf 90' lang='lat' dir='ltr'><strong>et</strong></span> <span class='ocrx_word' id='word_1_109' title='bbox 960 1455 1014 1539; x_wconf 94' lang='lat' dir='ltr'><strong>qui</strong></span> <span class='ocrx_word' id='word_1_110' title='bbox 1030 1477 1154 1520; x_wconf 88' lang='lat' dir='ltr'><strong>morum</strong></span> <span class='ocrx_word' id='word_1_111' title='bbox 1171 1471 1222 1522; x_wconf 89' lang='lat' dir='ltr'><strong>est</strong></span> <span class='ocrx_word' id='word_1_112' title='bbox 1237 1458 1300 1522; x_wconf 88' lang='lat' dir='ltr'><strong>dis-</strong></span> 
     </span>
     <span class='ocr_line' id='line_1_14' title="bbox 150 1539 1297 1626; baseline 0.004 -22"><span class='ocrx_word' id='word_1_113' title='bbox 150 1541 277 1625; x_wconf 84' lang='lat' dir='ltr'><strong>ciplina,</strong></span> <span class='ocrx_word' id='word_1_114' title='bbox 295 1542 336 1605; x_wconf 91' lang='lat' dir='ltr'><strong>de</strong></span> <span class='ocrx_word' id='word_1_115' title='bbox 359 1540 500 1603; x_wconf 89' lang='lat' dir='ltr'><strong>moribus</strong></span> <span class='ocrx_word' id='word_1_116' title='bbox 516 1544 583 1626; x_wconf 91' lang='lat' dir='ltr'><strong>ejus</strong></span> <span class='ocrx_word' id='word_1_117' title='bbox 602 1539 689 1602; x_wconf 90' lang='lat' dir='ltr'><strong>nulla</strong></span> <span class='ocrx_word' id='word_1_118' title='bbox 704 1554 753 1603; x_wconf 91' lang='lat' dir='ltr'><strong>est</strong></span> <span class='ocrx_word' id='word_1_119' title='bbox 768 1540 914 1604; x_wconf 89' lang='lat' dir='ltr'><strong>instituta</strong></span> <span class='ocrx_word' id='word_1_120' title='bbox 929 1541 1104 1626; x_wconf 83' lang='lat' dir='ltr'><strong>disciplina.</strong></span> <span class='ocrx_word' id='word_1_121' title='bbox 1154 1544 1192 1608; x_wconf 91' lang='lat' dir='ltr'><strong>In</strong></span> <span class='ocrx_word' id='word_1_122' title='bbox 1209 1546 1297 1610; x_wconf 91' lang='lat' dir='ltr'><strong>nullo</strong></span> 
     </span>
     <span class='ocr_line' id='line_1_15' title="bbox 149 1626 1298 1711; baseline 0.004 -19"><span class='ocrx_word' id='word_1_123' title='bbox 149 1644 257 1692; x_wconf 87' lang='lat' dir='ltr'><strong>tamen</strong></span> <span class='ocrx_word' id='word_1_124' title='bbox 277 1628 413 1711; x_wconf 89' lang='lat' dir='ltr'><strong>derogat</strong></span> <span class='ocrx_word' id='word_1_125' title='bbox 435 1628 504 1710; x_wconf 87' lang='lat' dir='ltr'><strong>ejus</strong></span> <span class='ocrx_word' id='word_1_126' title='bbox 527 1626 711 1690; x_wconf 88' lang='lat' dir='ltr'><strong>auctoritati</strong></span> <span class='ocrx_word' id='word_1_127' title='bbox 727 1626 839 1690; x_wconf 90' lang='lat' dir='ltr'><strong>raritas</strong></span> <span class='ocrx_word' id='word_1_128' title='bbox 856 1627 975 1711; x_wconf 90' lang='lat' dir='ltr'><strong>scripti,</strong></span> <span class='ocrx_word' id='word_1_129' title='bbox 993 1651 1066 1692; x_wconf 89' lang='lat' dir='ltr'><strong>cum</strong></span> <span class='ocrx_word' id='word_1_130' title='bbox 1085 1630 1177 1695; x_wconf 91' lang='lat' dir='ltr'><strong>Deus</strong></span> <span class='ocrx_word' id='word_1_131' title='bbox 1197 1632 1298 1697; x_wconf 86' lang='lat' dir='ltr'><strong>Pater</strong></span> 
     </span>
     <span class='ocr_line' id='line_1_16' title="bbox 145 1713 1298 1800; baseline 0.004 -22"><span class='ocrx_word' id='word_1_132' title='bbox 145 1714 302 1800; x_wconf 86' lang='lat' dir='ltr'><strong>juraverit</strong></span> <span class='ocrx_word' id='word_1_133' title='bbox 318 1715 426 1778; x_wconf 90' lang='lat' dir='ltr'><strong>dicens</strong></span> <span class='ocrx_word' id='word_1_134' title='bbox 446 1713 537 1785; x_wconf 90' lang='lat' dir='ltr'><strong>Filio,</strong></span> <span class='ocrx_word' id='word_1_135' title='bbox 565 1714 646 1776; x_wconf 89' lang='lat' dir='ltr'><strong>“Tu</strong></span> <span class='ocrx_word' id='word_1_136' title='bbox 666 1737 699 1777; x_wconf 92' lang='lat' dir='ltr'><strong>es</strong></span> <span class='ocrx_word' id='word_1_137' title='bbox 714 1713 862 1777; x_wconf 91' lang='lat' dir='ltr'><strong>sacerdos</strong></span> <span class='ocrx_word' id='word_1_138' title='bbox 879 1714 910 1776; x_wconf 92' lang='lat' dir='ltr'><strong>in</strong></span> <span class='ocrx_word' id='word_1_139' title='bbox 927 1728 1095 1794; x_wconf 82' lang='lat' dir='ltr'><strong>aetemum,</strong></span> <span class='ocrx_word' id='word_1_140' title='bbox 1118 1720 1298 1783; x_wconf 90' lang='lat' dir='ltr'><strong>secundum</strong></span> 
     </span>
     <span class='ocr_line' id='line_1_17' title="bbox 150 1800 1298 1888; baseline 0.004 -23"><span class='ocrx_word' id='word_1_141' title='bbox 150 1803 294 1866; x_wconf 85' lang='lat' dir='ltr'><strong>ordinem</strong></span> <span class='ocrx_word' id='word_1_142' title='bbox 313 1801 582 1865; x_wconf 90' lang='lat' dir='ltr'><strong>Melchisedech.’&#39;</strong></span> <span class='ocrx_word' id='word_1_143' title='bbox 630 1800 769 1884; x_wconf 89' lang='lat' dir='ltr'><strong>Magnus</strong></span> <span class='ocrx_word' id='word_1_144' title='bbox 786 1800 903 1886; x_wconf 91' lang='lat' dir='ltr'><strong>quippe</strong></span> <span class='ocrx_word' id='word_1_145' title='bbox 921 1801 990 1879; x_wconf 87' lang='lat' dir='ltr'><strong>suit,</strong></span> <span class='ocrx_word' id='word_1_146' title='bbox 1008 1806 1098 1888; x_wconf 91' lang='lat' dir='ltr'><strong>cujus</strong></span> <span class='ocrx_word' id='word_1_147' title='bbox 1113 1806 1196 1869; x_wconf 91' lang='lat' dir='ltr'><strong>ordo</strong></span> <span class='ocrx_word' id='word_1_148' title='bbox 1211 1807 1298 1870; x_wconf 90' lang='lat' dir='ltr'><strong>ordi·</strong></span> 
     </span>
     <span class='ocr_line' id='line_1_18' title="bbox 150 1886 1297 1993; baseline 0.004 -41"><span class='ocrx_word' id='word_1_149' title='bbox 150 1891 198 1954; x_wconf 92' lang='lat' dir='ltr'><strong>nis</strong></span> <span class='ocrx_word' id='word_1_150' title='bbox 217 1889 314 1954; x_wconf 91' lang='lat' dir='ltr'><strong>Cristi</strong></span> <span class='ocrx_word' id='word_1_151' title='bbox 325 1889 429 1952; x_wconf 83' lang='lat' dir='ltr'><strong>forma</strong></span> <span class='ocrx_word' id='word_1_152' title='bbox 451 1887 523 1964; x_wconf 85' lang='lat' dir='ltr'><strong>luit,</strong></span> <span class='ocrx_word' id='word_1_153' title='bbox 541 1902 573 1952; x_wconf 90' lang='lat' dir='ltr'><strong>ct</strong></span> <span class='ocrx_word' id='word_1_154' title='bbox 588 1886 620 1949; x_wconf 90' lang='lat' dir='ltr'><strong>iu</strong></span> <span class='ocrx_word' id='word_1_155' title='bbox 644 1888 763 1951; x_wconf 88' lang='lat' dir='ltr'><strong>ordinis</strong></span> <span class='ocrx_word' id='word_1_156' title='bbox 779 1889 979 1952; x_wconf 58' lang='lat' dir='ltr'><strong>observanti&amp;</strong></span> <span class='ocrx_word' id='word_1_157' title='bbox 995 1891 1141 1955; x_wconf 91' lang='lat' dir='ltr'><strong>omnibus</strong></span> <span class='ocrx_word' id='word_1_158' title='bbox 1157 1893 1297 1993; x_wconf 83' lang='lat' dir='ltr'><strong>antiquis</strong></span> 
     </span>
     <span class='ocr_line' id='line_1_19' title="bbox 150 1974 1296 2065; baseline 0.004 -25"><span class='ocrx_word' id='word_1_159' title='bbox 150 1977 294 2061; x_wconf 88' lang='lat' dir='ltr'><strong>patribus</strong></span> <span class='ocrx_word' id='word_1_160' title='bbox 309 1977 460 2061; x_wconf 84' lang='lat' dir='ltr'><strong>praelatus</strong></span> <span class='ocrx_word' id='word_1_161' title='bbox 476 1988 535 2052; x_wconf 92' lang='lat' dir='ltr'><strong>est,</strong></span> <span class='ocrx_word' id='word_1_162' title='bbox 553 1974 607 2061; x_wconf 93' lang='lat' dir='ltr'><strong>qui</strong></span> <span class='ocrx_word' id='word_1_163' title='bbox 624 1975 770 2039; x_wconf 92' lang='lat' dir='ltr'><strong>omnibus</strong></span> <span class='ocrx_word' id='word_1_164' title='bbox 790 1976 913 2039; x_wconf 89' lang='lat' dir='ltr'><strong>Sanctis</strong></span> <span class='ocrx_word' id='word_1_165' title='bbox 932 1976 964 2038; x_wconf 91' lang='lat' dir='ltr'><strong>iu</strong></span> <span class='ocrx_word' id='word_1_166' title='bbox 984 1977 1091 2042; x_wconf 88' lang='lat' dir='ltr'><strong>Cristo</strong></span> <span class='ocrx_word' id='word_1_167' title='bbox 1106 1994 1296 2065; x_wconf 76' lang='lat' dir='ltr'><strong>praepositus</strong></span> 
     </span>
     <span class='ocr_line' id='line_1_20' title="bbox 151 2062 1299 2152; baseline 0.003 -24"><span class='ocrx_word' id='word_1_168' title='bbox 151 2079 199 2128; x_wconf 92' lang='lat' dir='ltr'><strong>est</strong></span> <span class='ocrx_word' id='word_1_169' title='bbox 215 2064 398 2127; x_wconf 87' lang='lat' dir='ltr'><strong>imitandus.</strong></span> <span class='ocrx_word' id='word_1_170' title='bbox 448 2062 500 2126; x_wconf 92' lang='lat' dir='ltr'><strong>Sic</strong></span> <span class='ocrx_word' id='word_1_171' title='bbox 524 2085 658 2146; x_wconf 90' lang='lat' dir='ltr'><strong>magnus</strong></span> <span class='ocrx_word' id='word_1_172' title='bbox 681 2075 731 2127; x_wconf 86' lang='lat' dir='ltr'><strong>est</strong></span> <span class='ocrx_word' id='word_1_173' title='bbox 746 2080 780 2127; x_wconf 88' lang='lat' dir='ltr'><strong>et</strong></span> <span class='ocrx_word' id='word_1_174' title='bbox 795 2063 962 2127; x_wconf 88' lang='lat' dir='ltr'><strong>laudabilis</strong></span> <span class='ocrx_word' id='word_1_175' title='bbox 977 2063 1080 2142; x_wconf 94' lang='lat' dir='ltr'><strong>nimis,</strong></span> <span class='ocrx_word' id='word_1_176' title='bbox 1098 2069 1188 2152; x_wconf 90' lang='lat' dir='ltr'><strong>cujus</strong></span> <span class='ocrx_word' id='word_1_177' title='bbox 1203 2068 1299 2132; x_wconf 77' lang='lat' dir='ltr'><strong>meri·,</strong></span> 
     </span>
    </p>

    <p class='ocr_par' dir='ltr' id='par_1_3' title="bbox 77 2149 1298 3086">
     <span class='ocr_line' id='line_1_21' title="bbox 149 2149 1296 2239; baseline 0.003 -24"><span class='ocrx_word' id='word_1_178' title='bbox 149 2164 218 2215; x_wconf 91' lang='lat' dir='ltr'><strong>tum</strong></span> <span class='ocrx_word' id='word_1_179' title='bbox 242 2151 301 2215; x_wconf 88' lang='lat' dir='ltr'><strong>etsi</strong></span> <span class='ocrx_word' id='word_1_180' title='bbox 325 2149 491 2234; x_wconf 88' lang='lat' dir='ltr'><strong>dispendia</strong></span> <span class='ocrx_word' id='word_1_181' title='bbox 513 2149 616 2212; x_wconf 90' lang='lat' dir='ltr'><strong>laudis</strong></span> <span class='ocrx_word' id='word_1_182' title='bbox 639 2153 772 2214; x_wconf 87' lang='lat' dir='ltr'><strong>senserit</strong></span> <span class='ocrx_word' id='word_1_183' title='bbox 793 2149 999 2235; x_wconf 90' lang='lat' dir='ltr'><strong>antiquorum</strong></span> <span class='ocrx_word' id='word_1_184' title='bbox 1015 2152 1152 2229; x_wconf 91' lang='lat' dir='ltr'><strong>silentio,</strong></span> <span class='ocrx_word' id='word_1_185' title='bbox 1171 2155 1296 2239; x_wconf 86' lang='lat' dir='ltr'><strong>experi-</strong></span> 
     </span>
     <span class='ocr_line' id='line_1_22' title="bbox 77 2234 1295 2325; baseline 0.003 -24"><span class='ocrx_word' id='word_1_186' title='bbox 77 2234 79 2237; x_wconf 56' lang='grc'>’</span> <span class='ocrx_word' id='word_1_187' title='bbox 151 2250 262 2302; x_wconf 91' lang='lat' dir='ltr'><strong>mento</strong></span> <span class='ocrx_word' id='word_1_188' title='bbox 292 2238 340 2302; x_wconf 90' lang='lat' dir='ltr'><strong>sui</strong></span> <span class='ocrx_word' id='word_1_189' title='bbox 371 2250 477 2301; x_wconf 91' lang='lat' dir='ltr'><strong>tamen</strong></span> <span class='ocrx_word' id='word_1_190' title='bbox 510 2235 653 2312; x_wconf 86' lang='lat' dir='ltr'><strong>exhibet,</strong></span> <span class='ocrx_word' id='word_1_191' title='bbox 685 2236 805 2300; x_wconf 88' lang='lat' dir='ltr'><strong>efficaci</strong></span> <span class='ocrx_word' id='word_1_192' title='bbox 835 2236 997 2320; x_wconf 89' lang='lat' dir='ltr'><strong>signorum</strong></span> <span class='ocrx_word' id='word_1_193' title='bbox 1024 2253 1057 2302; x_wconf 86' lang='lat' dir='ltr'><strong>et</strong></span> <span class='ocrx_word' id='word_1_194' title='bbox 1087 2241 1295 2325; x_wconf 91' lang='lat' dir='ltr'><strong>prodigorum</strong></span> 
     </span>
     <span class='ocr_line' id='line_1_23' title="bbox 151 2322 1297 2413; baseline 0.003 -24"><span class='ocrx_word' id='word_1_195' title='bbox 151 2326 291 2413; x_wconf 87' lang='lat' dir='ltr'><strong>eloquio.</strong></span> <span class='ocrx_word' id='word_1_196' title='bbox 337 2324 441 2407; x_wconf 90' lang='lat' dir='ltr'><strong>Igitur</strong></span> <span class='ocrx_word' id='word_1_197' title='bbox 467 2322 620 2385; x_wconf 90' lang='lat' dir='ltr'><strong>lectorem</strong></span> <span class='ocrx_word' id='word_1_198' title='bbox 651 2345 827 2399; x_wconf 88' lang='lat' dir='ltr'><strong>monemus,</strong></span> <span class='ocrx_word' id='word_1_199' title='bbox 860 2327 1008 2409; x_wconf 88' lang='lat' dir='ltr'><strong>quatinus</strong></span> <span class='ocrx_word' id='word_1_200' title='bbox 1040 2327 1115 2389; x_wconf 87' lang='lat' dir='ltr'><strong>vitae</strong></span> <span class='ocrx_word' id='word_1_201' title='bbox 1146 2329 1297 2392; x_wconf 87' lang='lat' dir='ltr'><strong>metiatur</strong></span> 
     </span>
     <span class='ocr_line' id='line_1_24' title="bbox 151 2408 1295 2500; baseline 0.004 -25"><span class='ocrx_word' id='word_1_202' title='bbox 151 2414 367 2476; x_wconf 90' lang='lat' dir='ltr'><strong>sullimitatem</strong></span> <span class='ocrx_word' id='word_1_203' title='bbox 403 2410 565 2493; x_wconf 90' lang='lat' dir='ltr'><strong>signorum</strong></span> <span class='ocrx_word' id='word_1_204' title='bbox 594 2408 873 2473; x_wconf 84' lang='lat' dir='ltr'><strong>innumerabilium</strong></span> <span class='ocrx_word' id='word_1_205' title='bbox 911 2411 1108 2491; x_wconf 89' lang='lat' dir='ltr'><strong>celsitudine,</strong></span> <span class='ocrx_word' id='word_1_206' title='bbox 1137 2428 1171 2478; x_wconf 89' lang='lat' dir='ltr'><strong>et</strong></span> <span class='ocrx_word' id='word_1_207' title='bbox 1196 2417 1295 2500; x_wconf 89' lang='lat' dir='ltr'><strong>magis</strong></span> 
     </span>
     <span class='ocr_line' id='line_1_25' title="bbox 150 2495 1296 2585; baseline 0.003 -21"><span class='ocrx_word' id='word_1_208' title='bbox 150 2500 260 2564; x_wconf 88' lang='lat' dir='ltr'><strong>credat</strong></span> <span class='ocrx_word' id='word_1_209' title='bbox 276 2499 370 2562; x_wconf 92' lang='lat' dir='ltr'><strong>oculo</strong></span> <span class='ocrx_word' id='word_1_210' title='bbox 385 2497 475 2580; x_wconf 89' lang='lat' dir='ltr'><strong>signa</strong></span> <span class='ocrx_word' id='word_1_211' title='bbox 490 2495 637 2571; x_wconf 91' lang='lat' dir='ltr'><strong>videntis,</strong></span> <span class='ocrx_word' id='word_1_212' title='bbox 655 2518 750 2580; x_wconf 90' lang='lat' dir='ltr'><strong>quam</strong></span> <span class='ocrx_word' id='word_1_213' title='bbox 773 2497 894 2560; x_wconf 89' lang='lat' dir='ltr'><strong>calamo</strong></span> <span class='ocrx_word' id='word_1_214' title='bbox 918 2499 1029 2562; x_wconf 89' lang='lat' dir='ltr'><strong>scribae</strong></span> <span class='ocrx_word' id='word_1_215' title='bbox 1045 2522 1102 2584; x_wconf 89' lang='lat' dir='ltr'><strong>per</strong></span> <span class='ocrx_word' id='word_1_216' title='bbox 1113 2502 1296 2585; x_wconf 90' lang='lat' dir='ltr'><strong>neglectum</strong></span> 
     </span>
     <span class='ocr_line' id='line_1_26' title="bbox 151 2582 1296 2674; baseline 0.003 -23"><span class='ocrx_word' id='word_1_217' title='bbox 151 2587 282 2650; x_wconf 90' lang='lat' dir='ltr'><strong>incuriae</strong></span> <span class='ocrx_word' id='word_1_218' title='bbox 306 2609 372 2649; x_wconf 92' lang='lat' dir='ltr'><strong>non</strong></span> <span class='ocrx_word' id='word_1_219' title='bbox 403 2604 565 2669; x_wconf 90' lang='lat' dir='ltr'><strong>nunquam</strong></span> <span class='ocrx_word' id='word_1_220' title='bbox 591 2604 669 2646; x_wconf 90' lang='lat' dir='ltr'><strong>vera</strong></span> <span class='ocrx_word' id='word_1_221' title='bbox 694 2582 930 2648; x_wconf 90' lang='lat' dir='ltr'><strong>dissimulantis.</strong></span> <span class='ocrx_word' id='word_1_222' title='bbox 981 2586 1100 2650; x_wconf 92' lang='lat' dir='ltr'><strong>Oculus</strong></span> <span class='ocrx_word' id='word_1_223' title='bbox 1128 2589 1247 2674; x_wconf 90' lang='lat' dir='ltr'><strong>qnippe</strong></span> <span class='ocrx_word' id='word_1_224' title='bbox 1269 2591 1296 2654; x_wconf 92' lang='lat' dir='ltr'><strong>si</strong></span> 
     </span>
     <span class='ocr_line' id='line_1_27' title="bbox 150 2668 1297 2759; baseline 0.004 -22"><span class='ocrx_word' id='word_1_225' title='bbox 150 2674 286 2759; x_wconf 88' lang='lat' dir='ltr'><strong>simplex</strong></span> <span class='ocrx_word' id='word_1_226' title='bbox 302 2671 410 2746; x_wconf 86' lang='lat' dir='ltr'><strong>fuerit,</strong></span> <span class='ocrx_word' id='word_1_227' title='bbox 423 2690 487 2731; x_wconf 92' lang='lat' dir='ltr'><strong>nou</strong></span> <span class='ocrx_word' id='word_1_228' title='bbox 502 2668 621 2753; x_wconf 89' lang='lat' dir='ltr'><strong>poterit</strong></span> <span class='ocrx_word' id='word_1_229' title='bbox 636 2669 688 2733; x_wconf 88' lang='lat' dir='ltr'><strong>vel</strong></span> <span class='ocrx_word' id='word_1_230' title='bbox 710 2671 832 2759; x_wconf 87' lang='lat' dir='ltr'><strong>fingere</strong></span> <span class='ocrx_word' id='word_1_231' title='bbox 848 2694 920 2758; x_wconf 90' lang='lat' dir='ltr'><strong>quae</strong></span> <span class='ocrx_word' id='word_1_232' title='bbox 935 2694 1001 2736; x_wconf 91' lang='lat' dir='ltr'><strong>uon</strong></span> <span class='ocrx_word' id='word_1_233' title='bbox 1017 2673 1143 2751; x_wconf 89' lang='lat' dir='ltr'><strong>viderit,</strong></span> <span class='ocrx_word' id='word_1_234' title='bbox 1161 2676 1297 2742; x_wconf 88' lang='lat' dir='ltr'><strong>reticere</strong></span> 
     </span>
     <span class='ocr_line' id='line_1_28' title="bbox 150 2755 1296 2847; baseline 0.004 -23"><span class='ocrx_word' id='word_1_235' title='bbox 150 2784 227 2826; x_wconf 88' lang='lat' dir='ltr'><strong>vera</strong></span> <span class='ocrx_word' id='word_1_236' title='bbox 253 2783 326 2847; x_wconf 90' lang='lat' dir='ltr'><strong>quae</strong></span> <span class='ocrx_word' id='word_1_237' title='bbox 350 2755 478 2821; x_wconf 88' lang='lat' dir='ltr'><strong>viderit.</strong></span> <span class='ocrx_word' id='word_1_238' title='bbox 541 2755 653 2821; x_wconf 92' lang='lat' dir='ltr'><strong>Scriba</strong></span> <span class='ocrx_word' id='word_1_239' title='bbox 677 2756 754 2820; x_wconf 79' lang='lat' dir='ltr'><strong>verb</strong></span> <span class='ocrx_word' id='word_1_240' title='bbox 770 2758 824 2846; x_wconf 91' lang='lat' dir='ltr'><strong>qui</strong></span> <span class='ocrx_word' id='word_1_241' title='bbox 847 2759 880 2821; x_wconf 92' lang='lat' dir='ltr'><strong>in</strong></span> <span class='ocrx_word' id='word_1_242' title='bbox 895 2759 992 2823; x_wconf 90' lang='lat' dir='ltr'><strong>corde</strong></span> <span class='ocrx_word' id='word_1_243' title='bbox 1009 2775 1041 2823; x_wconf 92' lang='lat' dir='ltr'><strong>et</strong></span> <span class='ocrx_word' id='word_1_244' title='bbox 1057 2761 1154 2826; x_wconf 89' lang='lat' dir='ltr'><strong>corde</strong></span> <span class='ocrx_word' id='word_1_245' title='bbox 1169 2763 1296 2828; x_wconf 91' lang='lat' dir='ltr'><strong>locutus</strong></span> 
     </span>
     <span class='ocr_line' id='line_1_29' title="bbox 149 2844 1293 2931; baseline 0.003 -19"><span class='ocrx_word' id='word_1_246' title='bbox 149 2847 257 2924; x_wconf 87' lang='lat' dir='ltr'><strong>fuerit,</strong></span> <span class='ocrx_word' id='word_1_247' title='bbox 275 2845 351 2931; x_wconf 90' lang='lat' dir='ltr'><strong>quia</strong></span> <span class='ocrx_word' id='word_1_248' title='bbox 372 2844 553 2906; x_wconf 91' lang='lat' dir='ltr'><strong>inconstans</strong></span> <span class='ocrx_word' id='word_1_249' title='bbox 577 2857 625 2906; x_wconf 92' lang='lat' dir='ltr'><strong>est</strong></span> <span class='ocrx_word' id='word_1_250' title='bbox 646 2844 763 2924; x_wconf 90' lang='lat' dir='ltr'><strong>auimo,</strong></span> <span class='ocrx_word' id='word_1_251' title='bbox 781 2847 921 2910; x_wconf 88' lang='lat' dir='ltr'><strong>mendax</strong></span> <span class='ocrx_word' id='word_1_252' title='bbox 936 2847 1032 2910; x_wconf 87' lang='lat' dir='ltr'><strong>estin</strong></span> <span class='ocrx_word' id='word_1_253' title='bbox 1048 2848 1161 2911; x_wconf 89' lang='lat' dir='ltr'><strong>calami</strong></span> <span class='ocrx_word' id='word_1_254' title='bbox 1177 2850 1293 2929; x_wconf 88' lang='lat' dir='ltr'><strong>officio,</strong></span> 
     </span>
     <span class='ocr_line' id='line_1_30' title="bbox 150 2929 1298 3021; baseline 0.004 -23"><span class='ocrx_word' id='word_1_255' title='bbox 150 2935 202 2998; x_wconf 89' lang='lat' dir='ltr'><strong>vel</strong></span> <span class='ocrx_word' id='word_1_256' title='bbox 218 2932 341 2995; x_wconf 90' lang='lat' dir='ltr'><strong>invidus</strong></span> <span class='ocrx_word' id='word_1_257' title='bbox 357 2931 390 2993; x_wconf 91' lang='lat' dir='ltr'><strong>in</strong></span> <span class='ocrx_word' id='word_1_258' title='bbox 405 2930 541 3007; x_wconf 90' lang='lat' dir='ltr'><strong>silentio,</strong></span> <span class='ocrx_word' id='word_1_259' title='bbox 556 2929 608 2993; x_wconf 80' lang='lat' dir='ltr'><strong>vel</strong></span> <span class='ocrx_word' id='word_1_260' title='bbox 622 2947 794 3020; x_wconf 91' lang='lat' dir='ltr'><strong>utrumque</strong></span> <span class='ocrx_word' id='word_1_261' title='bbox 810 2934 843 2996; x_wconf 91' lang='lat' dir='ltr'><strong>in</strong></span> <span class='ocrx_word' id='word_1_262' title='bbox 858 2948 1006 3021; x_wconf 87' lang='lat' dir='ltr'><strong>utroque,</strong></span> <span class='ocrx_word' id='word_1_263' title='bbox 1024 2947 1058 2998; x_wconf 88' lang='lat' dir='ltr'><strong>et</strong></span> <span class='ocrx_word' id='word_1_264' title='bbox 1073 2934 1147 3000; x_wconf 91' lang='lat' dir='ltr'><strong>ideo</strong></span> <span class='ocrx_word' id='word_1_265' title='bbox 1163 2939 1298 3003; x_wconf 90' lang='lat' dir='ltr'><strong>creden-</strong></span> 
     </span>
     <span class='ocr_line' id='line_1_31' title="bbox 150 3019 1113 3086; baseline -0.003 -2"><span class='ocrx_word' id='word_1_266' title='bbox 150 3021 210 3085; x_wconf 90' lang='lat' dir='ltr'><strong>dus</strong></span> <span class='ocrx_word' id='word_1_267' title='bbox 227 3019 323 3086; x_wconf 88' lang='lat' dir='ltr'><strong>estin</strong></span> <span class='ocrx_word' id='word_1_268' title='bbox 340 3029 464 3081; x_wconf 82' lang='lat' dir='ltr'><strong>neutro.</strong></span> <span class='ocrx_word' id='word_1_269' title='bbox 1108 3050 1113 3057; x_wconf 95' lang='lat'>·</span> 
     </span>
    </p>
   </div>
   <div class='ocr_carea' id='block_1_3' title="bbox 153 3284 1299 3626">
    <p class='ocr_par' dir='ltr' id='par_1_4' title="bbox 153 3284 1299 3626">
     <span class='ocr_line' id='line_1_32' title="bbox 153 3284 1298 3368; baseline 0.004 -18"><span class='ocrx_word' id='word_1_270' title='bbox 153 3285 252 3350; x_wconf 83' lang='lat' dir='ltr'><strong><em>CAP.</em></strong></span> <span class='ocrx_word' id='word_1_271' title='bbox 273 3284 529 3365; x_wconf 82' lang='lat' dir='ltr'><strong>VL-Irtcipiunt</strong></span> <span class='ocrx_word' id='word_1_272' title='bbox 550 3288 703 3349; x_wconf 85' lang='lat' dir='ltr'><strong>miracula</strong></span> <span class='ocrx_word' id='word_1_273' title='bbox 724 3308 794 3368; x_wconf 74' lang='lat' dir='ltr'><strong>quer</strong></span> <span class='ocrx_word' id='word_1_274' title='bbox 811 3296 883 3368; x_wconf 80' lang='lat' dir='ltr'><strong>post</strong></span> <span class='ocrx_word' id='word_1_275' title='bbox 903 3290 1114 3352; x_wconf 81' lang='lat' dir='ltr'><strong>revelationem</strong></span> <span class='ocrx_word' id='word_1_276' title='bbox 1132 3293 1219 3354; x_wconf 83' lang='lat' dir='ltr'><strong>sueri</strong></span> <span class='ocrx_word' id='word_1_277' title='bbox 1231 3311 1298 3355; x_wconf 86' lang='lat' dir='ltr'><strong>cor·</strong></span> 
     </span>
     <span class='ocr_line' id='line_1_33' title="bbox 232 3373 1253 3458; baseline 0.007 -25"><span class='ocrx_word' id='word_1_278' title='bbox 232 3375 324 3453; x_wconf 80' lang='lat' dir='ltr'><strong>poris</strong></span> <span class='ocrx_word' id='word_1_279' title='bbox 344 3373 410 3455; x_wconf 80' lang='lat' dir='ltr'><strong>ejus</strong></span> <span class='ocrx_word' id='word_1_280' title='bbox 427 3393 486 3453; x_wconf 88' lang='lat' dir='ltr'><strong>per</strong></span> <span class='ocrx_word' id='word_1_281' title='bbox 508 3393 575 3436; x_wconf 84' lang='lat' dir='ltr'><strong>eum</strong></span> <span class='ocrx_word' id='word_1_282' title='bbox 586 3375 682 3453; x_wconf 83' lang='lat' dir='ltr'><strong>fucta</strong></span> <span class='ocrx_word' id='word_1_283' title='bbox 705 3383 919 3436; x_wconf 81' lang='lat' dir='ltr'><strong>memorantur.</strong></span> <span class='ocrx_word' id='word_1_284' title='bbox 964 3376 1004 3438; x_wconf 83' lang='lat' dir='ltr'><strong>In</strong></span> <span class='ocrx_word' id='word_1_285' title='bbox 1021 3380 1146 3456; x_wconf 83' lang='lat' dir='ltr'><strong>primis,</strong></span> <span class='ocrx_word' id='word_1_286' title='bbox 1164 3380 1253 3458; x_wconf 84' lang='lat' dir='ltr'><strong>quol&#39;</strong></span> 
     </span>
     <span class='ocr_line' id='line_1_34' title="bbox 237 3461 1299 3544; baseline 0.007 -22"><span class='ocrx_word' id='word_1_287' title='bbox 237 3461 346 3538; x_wconf 81' lang='lat' dir='ltr'><strong>capilli</strong></span> <span class='ocrx_word' id='word_1_288' title='bbox 360 3461 426 3539; x_wconf 84' lang='lat' dir='ltr'><strong>ejus</strong></span> <span class='ocrx_word' id='word_1_289' title='bbox 440 3463 474 3521; x_wconf 82' lang='lat' dir='ltr'><strong>in</strong></span> <span class='ocrx_word' id='word_1_290' title='bbox 488 3463 557 3540; x_wconf 74' lang='lat' dir='ltr'><strong>ique</strong></span> <span class='ocrx_word' id='word_1_291' title='bbox 566 3461 738 3540; x_wconf 65' lang='lat' dir='ltr'><strong>probandae</strong></span> <span class='ocrx_word' id='word_1_292' title='bbox 748 3465 871 3524; x_wconf 84' lang='lat' dir='ltr'><strong>virtutis</strong></span> <span class='ocrx_word' id='word_1_293' title='bbox 885 3482 950 3524; x_wconf 79' lang='lat' dir='ltr'><strong>soce</strong></span> <span class='ocrx_word' id='word_1_294' title='bbox 961 3465 1069 3543; x_wconf 69' lang='lat' dir='ltr'><strong>gratio</strong></span> <span class='ocrx_word' id='word_1_295' title='bbox 1080 3468 1185 3544; x_wconf 83' lang='lat' dir='ltr'><strong>positi,</strong></span> <span class='ocrx_word' id='word_1_296' title='bbox 1201 3465 1299 3530; x_wconf 76' lang='lat' dir='ltr'><strong>nichil</strong></span> 
     </span>
     <span class='ocr_line' id='line_1_35' title="bbox 235 3548 746 3626; baseline 0 -16"><span class='ocrx_word' id='word_1_297' title='bbox 235 3549 441 3626; x_wconf 79' lang='lat' dir='ltr'><strong>corruptionis</strong></span> <span class='ocrx_word' id='word_1_298' title='bbox 455 3548 526 3610; x_wconf 86' lang='lat' dir='ltr'><strong>iude</strong></span> <span class='ocrx_word' id='word_1_299' title='bbox 538 3551 746 3611; x_wconf 67' lang='lat' dir='ltr'><strong>seruauerint.</strong></span> 
     </span>
    </p>
   </div>
   <div class='ocr_carea' id='block_1_4' title="bbox 119 3719 1299 4239">
    <p class='ocr_par' dir='ltr' id='par_1_5' title="bbox 119 3719 1299 4239">
     <span class='ocr_line' id='line_1_36' title="bbox 198 3719 1299 3807; baseline 0.005 -22"><span class='ocrx_word' id='word_1_300' title='bbox 198 3722 344 3806; x_wconf 87' lang='lat' dir='ltr'><strong>Cumque</strong></span> <span class='ocrx_word' id='word_1_301' title='bbox 358 3742 415 3803; x_wconf 91' lang='lat' dir='ltr'><strong>per</strong></span> <span class='ocrx_word' id='word_1_302' title='bbox 431 3719 611 3784; x_wconf 89' lang='lat' dir='ltr'><strong>universam</strong></span> <span class='ocrx_word' id='word_1_303' title='bbox 629 3719 971 3806; x_wconf 83' lang='lat' dir='ltr'><strong>Nordhanymbrorum</strong></span> <span class='ocrx_word' id='word_1_304' title='bbox 996 3724 1190 3807; x_wconf 87' lang='lat' dir='ltr'><strong>provinciam</strong></span> <span class='ocrx_word' id='word_1_305' title='bbox 1205 3746 1299 3790; x_wconf 88' lang='lat' dir='ltr'><strong>reve·</strong></span> 
     </span>
     <span class='ocr_line' id='line_1_37' title="bbox 151 3807 1296 3898; baseline 0.002 -25"><span class='ocrx_word' id='word_1_306' title='bbox 151 3807 237 3873; x_wconf 89' lang='lat' dir='ltr'><strong>laudi</strong></span> <span class='ocrx_word' id='word_1_307' title='bbox 251 3807 359 3870; x_wconf 88' lang='lat' dir='ltr'><strong>Sancti</strong></span> <span class='ocrx_word' id='word_1_308' title='bbox 370 3807 511 3891; x_wconf 90' lang='lat' dir='ltr'><strong>corporis</strong></span> <span class='ocrx_word' id='word_1_309' title='bbox 523 3807 653 3891; x_wconf 90' lang='lat' dir='ltr'><strong>gloriosi</strong></span> <span class='ocrx_word' id='word_1_310' title='bbox 664 3807 830 3892; x_wconf 88' lang='lat' dir='ltr'><strong>Deyorum</strong></span> <span class='ocrx_word' id='word_1_311' title='bbox 846 3808 942 3891; x_wconf 86' lang='lat' dir='ltr'><strong>Regis</strong></span> <span class='ocrx_word' id='word_1_312' title='bbox 953 3823 986 3872; x_wconf 90' lang='lat' dir='ltr'><strong>et</strong></span> <span class='ocrx_word' id='word_1_313' title='bbox 1001 3809 1154 3898; x_wconf 89' lang='lat' dir='ltr'><strong>Martyris</strong></span> <span class='ocrx_word' id='word_1_314' title='bbox 1163 3811 1296 3890; x_wconf 89' lang='lat' dir='ltr'><strong>Oswini,</strong></span> 
     </span>
     <span class='ocr_line' id='line_1_38' title="bbox 152 3894 1297 3981; baseline 0.003 -21"><span class='ocrx_word' id='word_1_315' title='bbox 152 3897 183 3960; x_wconf 92' lang='lat' dir='ltr'><strong>in</strong></span> <span class='ocrx_word' id='word_1_316' title='bbox 209 3895 342 3960; x_wconf 67' lang='lat' dir='ltr'><strong>ecclesii</strong></span> <span class='ocrx_word' id='word_1_317' title='bbox 367 3896 473 3959; x_wconf 86' lang='lat' dir='ltr'><strong>beatae</strong></span> <span class='ocrx_word' id='word_1_318' title='bbox 500 3895 565 3959; x_wconf 93' lang='lat' dir='ltr'><strong>Dei</strong></span> <span class='ocrx_word' id='word_1_319' title='bbox 591 3894 762 3977; x_wconf 91' lang='lat' dir='ltr'><strong>genetricis</strong></span> <span class='ocrx_word' id='word_1_320' title='bbox 790 3894 917 3958; x_wconf 87' lang='lat' dir='ltr'><strong>Sanctae</strong></span> <span class='ocrx_word' id='word_1_321' title='bbox 945 3896 1084 3981; x_wconf 87' lang='lat' dir='ltr'><strong>Virginis</strong></span> <span class='ocrx_word' id='word_1_322' title='bbox 1113 3899 1228 3963; x_wconf 84' lang='lat' dir='ltr'><strong>Mariae</strong></span> <span class='ocrx_word' id='word_1_323' title='bbox 1254 3900 1297 3965; x_wconf 89' lang='lat' dir='ltr'><strong>de</strong></span> 
     </span>
     <span class='ocr_line' id='line_1_39' title="bbox 154 3980 1297 4073; baseline 0.003 -26"><span class='ocrx_word' id='word_1_324' title='bbox 154 3983 384 4070; x_wconf 82' lang='lat' dir='ltr'><strong>Tynenrudtha</strong></span> <span class='ocrx_word' id='word_1_325' title='bbox 406 3982 492 4045; x_wconf 89' lang='lat' dir='ltr'><strong>fama</strong></span> <span class='ocrx_word' id='word_1_326' title='bbox 517 3980 761 4065; x_wconf 88' lang='lat' dir='ltr'><strong>percrebuisset,</strong></span> <span class='ocrx_word' id='word_1_327' title='bbox 780 3980 1016 4068; x_wconf 92' lang='lat' dir='ltr'><strong>Thostiumque</strong></span> <span class='ocrx_word' id='word_1_328' title='bbox 1039 3985 1190 4050; x_wconf 90' lang='lat' dir='ltr'><strong>comitem</strong></span> <span class='ocrx_word' id='word_1_329' title='bbox 1214 3988 1297 4073; x_wconf 90' lang='lat' dir='ltr'><strong>ejus·</strong></span> 
     </span>
     <span class='ocr_line' id='line_1_40' title="bbox 119 4065 1297 4156; baseline 0.003 -22"><span class='ocrx_word' id='word_1_330' title='bbox 119 4069 126 4083; x_wconf 81' lang='grc'><em>“</em></span> <span class='ocrx_word' id='word_1_331' title='bbox 151 4072 224 4135; x_wconf 92' lang='lat' dir='ltr'><strong>dem</strong></span> <span class='ocrx_word' id='word_1_332' title='bbox 235 4069 420 4155; x_wconf 86' lang='lat' dir='ltr'><strong>provinciae,</strong></span> <span class='ocrx_word' id='word_1_333' title='bbox 431 4068 532 4132; x_wconf 90' lang='lat' dir='ltr'><strong>filium</strong></span> <span class='ocrx_word' id='word_1_334' title='bbox 549 4065 698 4130; x_wconf 91' lang='lat' dir='ltr'><strong>Godwini</strong></span> <span class='ocrx_word' id='word_1_335' title='bbox 709 4066 797 4130; x_wconf 88' lang='lat' dir='ltr'><strong>ducis</strong></span> <span class='ocrx_word' id='word_1_336' title='bbox 810 4067 945 4144; x_wconf 87' lang='lat' dir='ltr'><strong>Cantiae,</strong></span> <span class='ocrx_word' id='word_1_337' title='bbox 959 4072 1122 4156; x_wconf 94' lang='lat' dir='ltr'><strong>quomodo</strong></span> <span class='ocrx_word' id='word_1_338' title='bbox 1131 4072 1297 4137; x_wconf 79' lang='lat' dir='ltr'><strong>decentiirs</strong></span> 
     </span>
     <span class='ocr_line' id='line_1_41' title="bbox 149 4153 1297 4239; baseline 0.002 -17"><span class='ocrx_word' id='word_1_339' title='bbox 149 4159 183 4222; x_wconf 92' lang='lat' dir='ltr'><strong>id</strong></span> <span class='ocrx_word' id='word_1_340' title='bbox 198 4160 302 4235; x_wconf 84' lang='lat' dir='ltr'><strong>fieret,</strong></span> <span class='ocrx_word' id='word_1_341' title='bbox 324 4154 524 4239; x_wconf 86' lang='lat' dir='ltr'><strong>AEgelwinus</strong></span> <span class='ocrx_word' id='word_1_342' title='bbox 541 4153 765 4217; x_wconf 88' lang='lat' dir='ltr'><strong>Duuelmensis</strong></span> <span class='ocrx_word' id='word_1_343' title='bbox 785 4154 950 4238; x_wconf 90' lang='lat' dir='ltr'><strong>episcopus</strong></span> <span class='ocrx_word' id='word_1_344' title='bbox 966 4159 1186 4238; x_wconf 90' lang='lat' dir='ltr'><strong>consuluisset,</strong></span> <span class='ocrx_word' id='word_1_345' title='bbox 1203 4160 1297 4224; x_wconf 92' lang='lat' dir='ltr'><strong>multi</strong></span> 
     </span>
    </p>
   </div>
   <div class='ocr_carea' id='block_1_5' title="bbox 150 4238 1360 4419">
    <p class='ocr_par' dir='ltr' id='par_1_6' title="bbox 150 4238 1360 4419">
     <span class='ocr_line' id='line_1_42' title="bbox 150 4238 1296 4332; baseline 0.001 -22"><span class='ocrx_word' id='word_1_346' title='bbox 150 4246 294 4310; x_wconf 86' lang='lat' dir='ltr'><strong>fidelium</strong></span> <span class='ocrx_word' id='word_1_347' title='bbox 308 4242 351 4306; x_wconf 92' lang='lat' dir='ltr'><strong>ad</strong></span> <span class='ocrx_word' id='word_1_348' title='bbox 365 4243 472 4304; x_wconf 92' lang='lat' dir='ltr'><strong>locum</strong></span> <span class='ocrx_word' id='word_1_349' title='bbox 486 4238 694 4323; x_wconf 88' lang='lat' dir='ltr'><strong>requietionis</strong></span> <span class='ocrx_word' id='word_1_350' title='bbox 709 4241 777 4324; x_wconf 88' lang='lat' dir='ltr'><strong>ejus</strong></span> <span class='ocrx_word' id='word_1_351' title='bbox 793 4239 990 4322; x_wconf 81' lang='lat' dir='ltr'><strong>festinantes,</strong></span> <span class='ocrx_word' id='word_1_352' title='bbox 1007 4258 1098 4311; x_wconf 89' lang='lat' dir='ltr'><strong>tanto</strong></span> <span class='ocrx_word' id='word_1_353' title='bbox 1114 4248 1296 4332; x_wconf 87' lang='lat' dir='ltr'><strong>spectaculo</strong></span> 
     </span>
     <span class='ocr_line' id='line_1_43' title="bbox 150 4323 1360 4419; baseline 0.002 -22"><span class='ocrx_word' id='word_1_354' title='bbox 150 4333 232 4397; x_wconf 87' lang='lat' dir='ltr'><strong>votis</strong></span> <span class='ocrx_word' id='word_1_355' title='bbox 248 4326 396 4395; x_wconf 88' lang='lat' dir='ltr'><strong>omnibus</strong></span> <span class='ocrx_word' id='word_1_356' title='bbox 412 4326 566 4391; x_wconf 89' lang='lat' dir='ltr'><strong>interesse</strong></span> <span class='ocrx_word' id='word_1_357' title='bbox 576 4323 759 4410; x_wconf 88' lang='lat' dir='ltr'><strong>cupiebant.</strong></span> <span class='ocrx_word' id='word_1_358' title='bbox 795 4327 939 4413; x_wconf 89' lang='lat' dir='ltr'><strong>Contigit</strong></span> <span class='ocrx_word' id='word_1_359' title='bbox 953 4343 1062 4399; x_wconf 88' lang='lat' dir='ltr'><strong>autem</strong></span> <span class='ocrx_word' id='word_1_360' title='bbox 1078 4346 1115 4399; x_wconf 93' lang='lat' dir='ltr'><strong>ut</strong></span> <span class='ocrx_word' id='word_1_361' title='bbox 1128 4334 1299 4400; x_wconf 88' lang='lat' dir='ltr'><strong>Comitissa</strong></span> <span class='ocrx_word' id='word_1_362' title='bbox 1358 4416 1360 4419; x_wconf 12' lang='lat' dir='ltr'>v</span> 
     </span>
    </p>
   </div>
   <div class='ocr_carea' id='block_1_6' title="bbox 0 0 1448 5018">
    <p class='ocr_par' dir='ltr' id='par_1_7' title="bbox 0 0 1448 5018">
     <span class='ocr_line' id='line_1_44' title="bbox 0 0 1448 5018; baseline 0 0"><span class='ocrx_word' id='word_1_363' title='bbox 0 0 1448 5018; x_wconf 95' lang='lat' dir='ltr'><strong> </strong></span> 
     </span>
    </p>
   </div>
  </div>
 </body>
</html>
