2888 5018
598 392 737 446 saucrr
762 391 884 446 narn.
1228 378 1299 450 123

154 558 247 646 prior
272 556 481 624 Mailrooensi
504 557 657 635 ecclesias,
682 556 847 644 praepositi
868 557 953 642 jure,
980 556 1177 624 subendam
1206 573 1298 646 patra

155 647 297 734 praefuit,
314 670 450 734 sequens
462 669 539 711 vero
554 646 762 732 postmodum
777 644 1047 711 Lindisfarnensis
1057 647 1199 712 ecclesiae
1209 670 1297 739 mag·

155 736 268 800 uilicus
298 736 417 821 praesul
443 735 567 802 enituit.
615 732 679 798 His
716 734 912 819 temporibus
956 735 1049 799 finito
1086 722 1237 802 cdnflictu
1261 763 1299 804 ac

156 824 259 890 soluta
274 823 489 899 contentione,
517 845 612 911 quam
628 822 825 887 Colmannus
848 824 1014 908 episcopus
1031 845 1103 887 curn
1126 824 1189 888 suis
1204 848 1298 891 exer-

156 912 222 977 cuit
237 930 350 978 contra
366 911 555 976 Will'ridum
567 924 763 999 caeterosque
786 910 958 976 catholicos
974 910 1067 989 viros
1085 913 1126 976 de
1147 914 1298 980 ohserva-

156 1001 248 1065 cione
263 1001 414 1086 paschali,
431 1015 594 1065 revertens
617 1001 754 1085 patriam
769 998 851 1062 idem
870 1000 1067 1064 Colmaunus
1090 1001 1169 1066 adiit
1184 1025 1297 1090 regern

154 1090 299 1155 Oswium
312 1091 557 1177 impetravitque
574 1089 614 1153 ab
630 1111 669 1153 eo
685 1087 875 1173 utpraefatus
891 1088 939 1151 vir
961 1088 1172 1169 venerandus
1184 1091 1296 1156 Abbas

155 1177 248 1256 Eata,
273 1177 426 1243 fratribus
445 1177 716 1243 Lindisfarnensis
732 1176 875 1240 ecclesiae
894 1176 1027 1241 Abbatis
1037 1180 1111 1264 jure
1131 1192 1295 1263 praeesset.

155 1265 300 1331 Multum
315 1289 452 1352 namquo
467 1267 606 1331 eundem
623 1266 784 1330 Abbatem
804 1263 909 1329 Eatan
924 1266 1020 1330 etiam
1037 1265 1140 1330 Scotti
1162 1290 1295 1332 venera-

152 1353 278 1432 bantur,
303 1378 342 1418 co
358 1355 446 1441 quod
461 1370 555 1431 esset,
572 1366 609 1417 ut
631 1375 727 1438 supra
742 1352 864 1417 dictum
879 1366 940 1430 est,
956 1377 1039 1418 unus
1055 1355 1096 1419 de
1112 1376 1163 1418 x11
1185 1359 1294 1439 pueris

155 1442 275 1507 Aidani
304 1441 458 1528 episcopi.
504 1440 687 1527 Suscipiens
716 1441 824 1528 itaque
855 1444 915 1506 sub
945 1465 1022 1508 cura
1051 1445 1099 1506 sui
1128 1443 1293 1531 regiminis

153 1545 280 1595 sanctus
305 1531 388 1596 Eata
414 1530 581 1595 ecclesiam
606 1529 922 1615 Lyndisfarnensem,
940 1553 1067 1596 omnem
1093 1530 1293 1620 diligentiam

152 1618 364 1702 spiritualium
388 1619 597 1683 excubiarum
618 1617 723 1682 eidem
746 1618 899 1698 ecclesiae,
917 1621 999 1685 sicut
1014 1632 1048 1684 et
1071 1619 1292 1700 Mailrocensi,

152 1708 302 1792 praebuit.
347 1710 484 1773 Beatum
500 1729 628 1794 quoque
653 1707 879 1785 Cuthbertum,
896 1732 990 1794 quern
1015 1709 1224 1794 praepositum
1241 1734 1293 1774 ec-

151 1796 257 1860 clesiae
282 1797 505 1862 Mailrocensis
527 1811 600 1882 post
622 1795 746 1861 obitum
769 1797 844 1861 Deo
859 1796 968 1861 dilecti
990 1797 1162 1862 sacerdotis
1179 1797 1294 1863 Boisili

151 1885 280 1962 fecerat,
306 1886 347 1949 ad
368 1885 450 1950 hanc
473 1885 637 1949 ecelesiam
668 1885 854 1959 transtulit3
887 1889 1018 1972 ejusque
1048 1886 1292 1972 praeposituram

152 1974 210 2038 sub
226 1997 259 2038 se
275 1973 509 2059 disponendam
532 1973 577 2037 illi
599 1972 764 2037 commisit.
811 1973 855 2036 Et
870 1973 958 2047 iude,
979 1975 1125 2038 revoluto
1139 1974 1295 2059 plurimo·

154 2085 226 2125 rum
255 2084 413 2126 annorum
428 2062 558 2139 circulo,
580 2074 653 2125 orta
682 2061 766 2125 inter
792 2083 902 2146 regem
921 2061 1090 2148 ngridum
1100 2074 1133 2127 et
1145 2084 1293 2127 reveren·

152 2150 307 2214 tissimum
324 2149 498 2214 antistitem
516 2149 707 2213 wilfridum
722 2149 930 2226 dissencione,
948 2151 1059 2234 pulsus
1071 2164 1119 2215 est
1134 2151 1221 2215 idem
1237 2174 1293 2216 au-

152 2241 242 2303 tistes
258 2262 278 2303 a
299 2239 375 2302 sede
397 2240 445 2301 sui
461 2240 682 2322 episcopatus-5
703 2255 736 2301 et
762 2238 827 2302 duo
858 2239 1011 2302 inlocum
1029 2239 1096 2323 ejus
1127 2238 1292 2305 substituti

152 2329 302 2413 episcopi,
321 2326 375 2414 qui
397 2325 732 2412 Northanymbrorum
744 2329 834 2413 genti
856 2344 1044 2411 praeessent,
1059 2329 1156 2406 Bosa,
1181 2327 1293 2392 vidali-

149 2429 209 2494 cet,
224 2417 277 2503 qui
303 2416 488 2494 Deirorum‚
514 2428 546 2480 et
568 2415 651 2481 Eata
676 2416 830 2499 prael'atus
859 2415 969 2489 abbas,
986 2416 1040 2504 qui
1069 2416 1292 2481 Berniciorum

147 2504 346 2590 provinciam
357 2505 589 2590 gubernarent3
614 2503 666 2567 hic
680 2505 713 2566 in
729 2502 858 2568 civitate
877 2503 1026 2583 Eboraci,
1043 2503 1096 2567 ille
1112 2504 1147 2568 in
1159 2504 1291 2593 Hagus-

148 2592 282 2656 saldensi
298 2595 364 2658 sive
380 2591 414 2656 in
438 2591 691 2657 Lindisfarnensi
709 2591 842 2657 ecclesia
861 2592 1046 2657 cathedram
1067 2592 1190 2657 habens
1205 2597 1290 2672 epis·

148 2683 298 2766 copalem.
351 2680 502 2746 Ordinati
532 2697 606 2745 sunt.
632 2696 740 2744 autem
761 2679 861 2745 sancti
892 2704 928 2744 ac
957 2682 1031 2744 Deo
1054 2682 1205 2745 amabiles
1230 2685 1291 2747 viri

152 2770 238 2836 Bosa
254 2784 286 2832 et
306 2770 388 2832 llata
405 2770 544 2832 Eboraci
567 2771 607 2832 ab
622 2769 863 2852 archiepiscopo
877 2768 1052 2831 Theodoro
1067 2792 1075 2844 3
1100 2767 1155 2854 qui
1177 2769 1288 2849 eciam,

150 2872 223 2943 post
248 2870 311 2921 tres
330 2880 431 2921 annos
454 2857 662 2921 abscessionis
692 2854 840 2932 Willridi,
867 2855 993 2919 addidit
1017 2856 1133 2920 horum
1156 2878 1291 2922 numero

150 2947 230 3010 duos
246 2946 413 3022 antistites,
441 2945 617 3032 Trumwyn
632 2944 674 3008 ad
696 2941 892 3027 provinciam
912 2943 1088 3022 Pictorum,
1106 2957 1183 3008 tunc
1210 2961 1291 3010 tem-

148 3037 236 3119 poris
254 3034 432 3122 Anglorum
450 3033 585 3117 imperio
607 3033 792 3118 subjectam,
809 3045 841 3095 et
854 3031 1059 3097 Tunbertum
1070 3033 1111 3097 ad
1124 3035 1290 3100 ecclesiam

149 3122 487 3207 Haugustaldensem3
510 3136 696 3185 remanente
714 3120 796 3184 Eata
807 3120 848 3184 ad
866 3120 1181 3206 Lyndisfarnensem.
1223 3125 1289 3190 Sed

148 3230 222 3296 post
233 3213 415 3288 triennium,
432 3233 491 3296 pro
514 3210 607 3294 culpa
622 3209 785 3296 cujusdam
805 3207 1043 3286 inobedientiae,
1060 3211 1224 3296 depositus
1240 3225 1288 3277 est

150 3299 181 3362 T
184 3301 353 3377 unbertus3
376 3315 408 3364 et
422 3300 495 3364 loco
511 3301 576 3385 ejus
593 3300 639 3361 vir
654 3296 866 3362 sanctissimus
882 3298 1000 3363 electus
1016 3311 1064 3362 est
1077 3299 1286 3366 Cuthbertus.

150 3389 214 3453 Sed
230 3389 380 3475 quoniam
395 3389 464 3473 ipse
478 3389 551 3473 plus
561 3386 811 3451 Lindisfarnensi
827 3385 981 3462 ecclesiae,
996 3385 1101 3473 inqua
1117 3411 1286 3455 conversa-

146 3489 198 3540 tus
223 3477 337 3554 fuerat,
369 3499 465 3562 quam
493 3474 778 3561 Haugustaldensi‚
804 3474 917 3540 dilexit
940 3475 1070 3558 praefici,
1101 3476 1231 3560 placuit,
1250 3493 1287 3544 ut

148 3564 232 3628 Eata
253 3585 380 3627 reverso
395 3563 437 3626 ad
459 3561 566 3625 sedem
583 3562 723 3626 ecclesiae
748 3561 1050 3646 Haugustaldensis,
1068 3562 1119 3627 cui
1134 3567 1285 3653 regendae

149 3652 254 3737 primo
277 3652 381 3715 lucrat
410 3648 583 3728 ordinatus,
610 3648 806 3712 Cutlrbertus
829 3649 973 3714 ecclesian
1004 3651 1285 3736 Lyndisfarnensis

146 3740 363 3824 gubernacula
387 3737 570 3822 susciperet.
620 3736 780 3800 Redditus
810 3760 887 3825 crgo
918 3739 1080 3802 cathedrae
1110 3741 1285 3828 episcopali

150 3829 291 3891 ecclesiae
319 3823 611 3912 Haugustaldensis
634 3824 822 3889 venerabilis
838 3840 929 3910 pater
955 3826 1047 3905 Eata,
1071 3852 1142 3892 curn
1167 3854 1286 3917 magno

145 3914 364 3979 universorum
380 3916 498 4003 gaudio
522 3912 709 3998 suscipitur:
733 3914 950 3978 exultantibus
974 3916 1132 3995 omnibus,
1149 3940 1185 3980 ac
1209 3919 1285 3985 Deo

145 4001 267 4085 gracias
296 4005 475 4090 agentibus,
502 4002 588 4089 quod
609 4020 767 4086 pastorem
799 4025 890 4065 suum
921 4003 1170 4081 dilectissimum,
1187 4028 1282 4090 quem

146 4092 250 4155 tristes
287 4090 504 4176 perdiderant,
546 4091 609 4154 Dei
623 4090 814 4176 providente
844 4091 954 4175 gratia,
994 4095 1110 4157 iterum
1137 4093 1283 4178 recipere

146 4178 344 4244 meruissent.
390 4180 464 4245 Jam
492 4203 578 4258 vero,
610 4179 735 4266 qualem
763 4203 796 4242 se
819 4178 851 4241 in
875 4180 1061 4265 episcopatu
1087 4180 1281 4262 exhibuerit,

144 4267 239 4332 nullis
254 4290 335 4332 meae
351 4266 511 4353 parvitatis
527 4265 659 4355 eloquiis
675 4265 828 4351 explicari
842 4269 938 4337 valet.
986 4268 1108 4332 Creber
1117 4266 1201 4332 enirn
1217 4289 1285 4339 erat

144 4359 179 4424 in
202 4355 425 4437 oracionibus;
448 4368 622 4444 oportunus
646 4368 679 4422 et
700 4354 901 4441 importunus
923 4359 956 4422 in
978 4355 1285 4441 exhortationibus3
