<?xml version="1.0" encoding="UTF-8"?>
<!DOCTYPE html PUBLIC "-//W3C//DTD XHTML 1.0 Transitional//EN"
    "http://www.w3.org/TR/xhtml1/DTD/xhtml1-transitional.dtd">
<html xmlns="http://www.w3.org/1999/xhtml" xml:lang="en" lang="en">
 <head>
  <title>
</title>
<meta http-equiv="Content-Type" content="text/html;charset=utf-8" />
  <meta name='ocr-system' content='tesseract 3.04.00' />
  <meta name='ocr-capabilities' content='ocr_page ocr_carea ocr_par ocr_line ocrx_word'/>
</head>
<body>
  <div class='ocr_page' id='page_1' title='image "./miscellaneabiog00raingoog_0089.png"; bbox 0 0 2888 5018; ppageno 0'>
   <div class='ocr_carea' id='block_1_1' title="bbox 517 345 920 402">
    <p class='ocr_par' dir='ltr' id='par_1_1' title="bbox 517 345 920 402">
     <span class='ocr_line' id='line_1_1' title="bbox 517 345 920 402; baseline 0 -2"><span class='ocrx_word' id='word_1_1' title='bbox 517 346 709 401; x_wconf 75' lang='lat' dir='ltr'>LIBELLUS</span> <span class='ocrx_word' id='word_1_2' title='bbox 734 347 786 399; x_wconf 83' lang='lat' dir='ltr'>DE</span> <span class='ocrx_word' id='word_1_3' title='bbox 813 345 920 402; x_wconf 73' lang='lat' dir='ltr'>oa&#39;t‘tt</span> 
     </span>
    </p>
   </div>
   <div class='ocr_carea' id='block_1_2' title="bbox 587 806 844 899">
    <p class='ocr_par' dir='ltr' id='par_1_2' title="bbox 587 806 844 899">
     <span class='ocr_line' id='line_1_2' title="bbox 587 806 844 899; baseline -0.004 -23"><span class='ocrx_word' id='word_1_4' title='bbox 587 808 705 899; x_wconf 70' lang='lat' dir='ltr'>[cna</span> <span class='ocrx_word' id='word_1_5' title='bbox 731 806 844 895; x_wconf 73' lang='lat' dir='ltr'>Vnt]</span> 
     </span>
    </p>
   </div>
   <div class='ocr_carea' id='block_1_3' title="bbox 60 1057 1297 2029">
    <p class='ocr_par' dir='ltr' id='par_1_3' title="bbox 143 1057 1292 1413">
     <span class='ocr_line' id='line_1_3' title="bbox 190 1057 1292 1148; baseline -0.005 -21"><span class='ocrx_word' id='word_1_6' title='bbox 190 1063 260 1128; x_wconf 87' lang='lat' dir='ltr'>Enl</span> <span class='ocrx_word' id='word_1_7' title='bbox 276 1063 433 1148; x_wconf 76' lang='lat' dir='ltr'>inquienS,</span> <span class='ocrx_word' id='word_1_8' title='bbox 449 1059 569 1144; x_wconf 83' lang='lat' dir='ltr'>regina,</span> <span class='ocrx_word' id='word_1_9' title='bbox 581 1060 650 1145; x_wconf 89' lang='lat' dir='ltr'>jam</span> <span class='ocrx_word' id='word_1_10' title='bbox 661 1058 725 1123; x_wconf 92' lang='lat' dir='ltr'>tuis</span> <span class='ocrx_word' id='word_1_11' title='bbox 737 1057 838 1143; x_wconf 90' lang='lat' dir='ltr'>culpis</span> <span class='ocrx_word' id='word_1_12' title='bbox 853 1059 1122 1143; x_wconf 80' lang='lat' dir='ltr'><strong>promerentibus,</strong></span> <span class='ocrx_word' id='word_1_13' title='bbox 1140 1083 1204 1147; x_wconf 89' lang='lat' dir='ltr'>ego</span> <span class='ocrx_word' id='word_1_14' title='bbox 1220 1081 1292 1124; x_wconf 90' lang='lat' dir='ltr'>con·</span> 
     </span>
     <span class='ocr_line' id='line_1_4' title="bbox 143 1146 1292 1236; baseline -0.005 -18"><span class='ocrx_word' id='word_1_15' title='bbox 143 1153 234 1218; x_wconf 87' lang='lat' dir='ltr'>fusus</span> <span class='ocrx_word' id='word_1_16' title='bbox 261 1173 418 1234; x_wconf 84' lang='lat' dir='ltr'>appare03</span> <span class='ocrx_word' id='word_1_17' title='bbox 443 1150 496 1235; x_wconf 93' lang='lat' dir='ltr'>qui</span> <span class='ocrx_word' id='word_1_18' title='bbox 521 1150 554 1212; x_wconf 91' lang='lat' dir='ltr'>in</span> <span class='ocrx_word' id='word_1_19' title='bbox 574 1147 677 1222; x_wconf 24' lang='lat' dir='ltr'>domo,</span> <span class='ocrx_word' id='word_1_20' title='bbox 695 1146 859 1236; x_wconf 86' lang='lat' dir='ltr'>religionis</span> <span class='ocrx_word' id='word_1_21' title='bbox 880 1147 1049 1232; x_wconf 88' lang='lat' dir='ltr'>prostibuli</span> <span class='ocrx_word' id='word_1_22' title='bbox 1072 1148 1186 1212; x_wconf 92' lang='lat' dir='ltr'>vitium</span> <span class='ocrx_word' id='word_1_23' title='bbox 1210 1172 1292 1212; x_wconf 93' lang='lat' dir='ltr'>nunc</span> 
     </span>
     <span class='ocr_line' id='line_1_5' title="bbox 145 1235 1292 1321; baseline -0.005 -17"><span class='ocrx_word' id='word_1_24' title='bbox 145 1242 266 1305; x_wconf 92' lang='lat' dir='ltr'>diutius</span> <span class='ocrx_word' id='word_1_25' title='bbox 282 1239 411 1302; x_wconf 86' lang='lat' dir='ltr'>latuisse</span> <span class='ocrx_word' id='word_1_26' title='bbox 426 1260 596 1321; x_wconf 83' lang='lat' dir='ltr'><strong>cognosco.</strong></span> <span class='ocrx_word' id='word_1_27' title='bbox 644 1237 745 1301; x_wconf 88' lang='lat' dir='ltr'><strong>Ortus</strong></span> <span class='ocrx_word' id='word_1_28' title='bbox 768 1257 870 1319; x_wconf 86' lang='lat' dir='ltr'><strong>nuper</strong></span> <span class='ocrx_word' id='word_1_29' title='bbox 893 1235 976 1298; x_wconf 82' lang='lat' dir='ltr'>eninr</span> <span class='ocrx_word' id='word_1_30' title='bbox 1004 1235 1179 1300; x_wconf 91' lang='lat' dir='ltr'>multorum</span> <span class='ocrx_word' id='word_1_31' title='bbox 1196 1236 1292 1300; x_wconf 93' lang='lat' dir='ltr'>oculis</span> 
     </span>
     <span class='ocr_line' id='line_1_6' title="bbox 144 1324 1292 1413; baseline -0.007 -19"><span class='ocrx_word' id='word_1_32' title='bbox 144 1327 309 1413; x_wconf 89' lang='lat' dir='ltr'>expositus</span> <span class='ocrx_word' id='word_1_33' title='bbox 325 1328 447 1391; x_wconf 91' lang='lat' dir='ltr'>indicat</span> <span class='ocrx_word' id='word_1_34' title='bbox 462 1349 557 1413; x_wconf 93' lang='lat' dir='ltr'>quam</span> <span class='ocrx_word' id='word_1_35' title='bbox 579 1324 757 1389; x_wconf 86' lang='lat' dir='ltr'>facinorose</span> <span class='ocrx_word' id='word_1_36' title='bbox 788 1324 863 1387; x_wconf 89' lang='lat' dir='ltr'>vitae</span> <span class='ocrx_word' id='word_1_37' title='bbox 887 1340 952 1387; x_wconf 87' lang='lat' dir='ltr'>tuae</span> <span class='ocrx_word' id='word_1_38' title='bbox 977 1326 1183 1389; x_wconf 81' lang='lat' dir='ltr'>conversacio</span> <span class='ocrx_word' id='word_1_39' title='bbox 1211 1326 1292 1388; x_wconf 89' lang='lat' dir='ltr'>coin·</span> 
     </span>
    </p>

    <p class='ocr_par' dir='ltr' id='par_1_4' title="bbox 60 1412 1297 2029">
     <span class='ocr_line' id='line_1_7' title="bbox 169 1412 1293 1498; baseline -0.004 -19"><span class='ocrx_word' id='word_1_40' title='bbox 169 1416 278 1480; x_wconf 88' lang='lat' dir='ltr'>uinata</span> <span class='ocrx_word' id='word_1_41' title='bbox 294 1415 419 1480; x_wconf 85' lang='lat' dir='ltr'>existat.</span> <span class='ocrx_word' id='word_1_42' title='bbox 467 1415 552 1478; x_wconf 91' lang='lat' dir='ltr'>Nam</span> <span class='ocrx_word' id='word_1_43' title='bbox 575 1415 689 1477; x_wconf 93' lang='lat' dir='ltr'>domus</span> <span class='ocrx_word' id='word_1_44' title='bbox 704 1412 775 1477; x_wconf 85' lang='lat' dir='ltr'>haec</span> <span class='ocrx_word' id='word_1_45' title='bbox 801 1412 934 1475; x_wconf 86' lang='lat' dir='ltr'>Domini</span> <span class='ocrx_word' id='word_1_46' title='bbox 958 1425 1066 1477; x_wconf 90' lang='lat' dir='ltr'>sancta</span> <span class='ocrx_word' id='word_1_47' title='bbox 1081 1413 1208 1498; x_wconf 91' lang='lat' dir='ltr'>polluta</span> <span class='ocrx_word' id='word_1_48' title='bbox 1222 1436 1293 1498; x_wconf 89' lang='lat' dir='ltr'>pro·</span> 
     </span>
     <span class='ocr_line' id='line_1_8' title="bbox 146 1442 1294 1590; baseline -0.004 -21"><span class='ocrx_word' id='word_1_49' title='bbox 146 1442 286 1580; x_wconf 64' lang='lat' dir='ltr'>iuuatur,</span> <span class='ocrx_word' id='word_1_50' title='bbox 312 1528 384 1590; x_wconf 87' lang='lat' dir='ltr'>quae</span> <span class='ocrx_word' id='word_1_51' title='bbox 409 1502 488 1567; x_wconf 89' lang='lat' dir='ltr'>tanti</span> <span class='ocrx_word' id='word_1_52' title='bbox 505 1503 633 1566; x_wconf 88' lang='lat' dir='ltr'>sceleris</span> <span class='ocrx_word' id='word_1_53' title='bbox 650 1501 798 1590; x_wconf 88' lang='lat' dir='ltr'>contagio</span> <span class='ocrx_word' id='word_1_54' title='bbox 813 1500 1002 1564; x_wconf 87' lang='lat' dir='ltr'>maculatur.</span> <span class='ocrx_word' id='word_1_55' title='bbox 1051 1502 1212 1587; x_wconf 86' lang='lat' dir='ltr'>Sponsam</span> <span class='ocrx_word' id='word_1_56' title='bbox 1228 1503 1294 1587; x_wconf 91' lang='lat' dir='ltr'>qui·</span> 
     </span>
     <span class='ocr_line' id='line_1_9' title="bbox 147 1588 1294 1675; baseline -0.008 -17"><span class='ocrx_word' id='word_1_57' title='bbox 147 1595 221 1658; x_wconf 90' lang='lat' dir='ltr'>dem</span> <span class='ocrx_word' id='word_1_58' title='bbox 247 1591 367 1657; x_wconf 90' lang='lat' dir='ltr'>Christi</span> <span class='ocrx_word' id='word_1_59' title='bbox 392 1592 604 1655; x_wconf 78' lang='lat' dir='ltr'><strong>adulteratam</strong></span> <span class='ocrx_word' id='word_1_60' title='bbox 629 1589 783 1653; x_wconf 90' lang='lat' dir='ltr'>castitatis</span> <span class='ocrx_word' id='word_1_61' title='bbox 808 1589 912 1651; x_wconf 92' lang='lat' dir='ltr'>cubile</span> <span class='ocrx_word' id='word_1_62' title='bbox 936 1588 1070 1653; x_wconf 83' lang='lat' dir='ltr'>foedasse</span> <span class='ocrx_word' id='word_1_63' title='bbox 1089 1592 1159 1675; x_wconf 90' lang='lat' dir='ltr'>jam</span> <span class='ocrx_word' id='word_1_64' title='bbox 1175 1589 1294 1654; x_wconf 90' lang='lat' dir='ltr'>cunctis</span> 
     </span>
     <span class='ocr_line' id='line_1_10' title="bbox 148 1676 1294 1764; baseline -0.005 -20"><span class='ocrx_word' id='word_1_65' title='bbox 148 1682 298 1757; x_wconf 92' lang='lat' dir='ltr'>innotuit,</span> <span class='ocrx_word' id='word_1_66' title='bbox 324 1681 399 1743; x_wconf 93' lang='lat' dir='ltr'>dum</span> <span class='ocrx_word' id='word_1_67' title='bbox 417 1692 526 1764; x_wconf 90' lang='lat' dir='ltr'>partus</span> <span class='ocrx_word' id='word_1_68' title='bbox 542 1680 626 1741; x_wconf 90' lang='lat' dir='ltr'>inter</span> <span class='ocrx_word' id='word_1_69' title='bbox 641 1676 779 1763; x_wconf 90' lang='lat' dir='ltr'>virgines</span> <span class='ocrx_word' id='word_1_70' title='bbox 799 1678 948 1759; x_wconf 91' lang='lat' dir='ltr'>innuptas</span> <span class='ocrx_word' id='word_1_71' title='bbox 965 1690 1064 1742; x_wconf 87' lang='lat' dir='ltr'>tantae</span> <span class='ocrx_word' id='word_1_72' title='bbox 1080 1676 1294 1762; x_wconf 88' lang='lat' dir='ltr'>corrupcionis</span> 
     </span>
     <span class='ocr_line' id='line_1_11' title="bbox 148 1764 1295 1853; baseline -0.004 -20"><span class='ocrx_word' id='word_1_73' title='bbox 148 1769 302 1833; x_wconf 86' lang='lat' dir='ltr'>occultari</span> <span class='ocrx_word' id='word_1_74' title='bbox 318 1792 383 1832; x_wconf 93' lang='lat' dir='ltr'>non</span> <span class='ocrx_word' id='word_1_75' title='bbox 400 1767 516 1853; x_wconf 91' lang='lat' dir='ltr'>potuit.</span> <span class='ocrx_word' id='word_1_76' title='bbox 568 1765 664 1828; x_wconf 83' lang='lat' dir='ltr'>Unde</span> <span class='ocrx_word' id='word_1_77' title='bbox 681 1766 721 1827; x_wconf 91' lang='lat' dir='ltr'>de</span> <span class='ocrx_word' id='word_1_78' title='bbox 738 1779 828 1828; x_wconf 89' lang='lat' dir='ltr'>tanto</span> <span class='ocrx_word' id='word_1_79' title='bbox 843 1764 985 1827; x_wconf 88' lang='lat' dir='ltr'>facinore</span> <span class='ocrx_word' id='word_1_80' title='bbox 996 1766 1064 1849; x_wconf 89' lang='lat' dir='ltr'>jam</span> <span class='ocrx_word' id='word_1_81' title='bbox 1081 1767 1160 1829; x_wconf 95' lang='lat' dir='ltr'>mihi</span> <span class='ocrx_word' id='word_1_82' title='bbox 1176 1769 1224 1830; x_wconf 90' lang='lat' dir='ltr'>rei</span> <span class='ocrx_word' id='word_1_83' title='bbox 1244 1789 1295 1828; x_wconf 92' lang='lat' dir='ltr'>ve·</span> 
     </span>
     <span class='ocr_line' id='line_1_12' title="bbox 60 1852 1297 1941; baseline -0.004 -20"><span class='ocrx_word' id='word_1_84' title='bbox 60 1877 68 1884; x_wconf 87' lang='lat'><em>·</em></span> <span class='ocrx_word' id='word_1_85' title='bbox 147 1858 277 1922; x_wconf 85' lang='lat' dir='ltr'>ritatem</span> <span class='ocrx_word' id='word_1_86' title='bbox 293 1857 444 1932; x_wconf 87' lang='lat' dir='ltr'>edissere,</span> <span class='ocrx_word' id='word_1_87' title='bbox 469 1855 544 1941; x_wconf 91' lang='lat' dir='ltr'>quia</span> <span class='ocrx_word' id='word_1_88' title='bbox 558 1852 698 1917; x_wconf 88' lang='lat' dir='ltr'>secunda</span> <span class='ocrx_word' id='word_1_89' title='bbox 719 1867 766 1918; x_wconf 91' lang='lat' dir='ltr'>est</span> <span class='ocrx_word' id='word_1_90' title='bbox 793 1852 900 1917; x_wconf 88' lang='lat' dir='ltr'>tabula</span> <span class='ocrx_word' id='word_1_91' title='bbox 916 1866 987 1936; x_wconf 88' lang='lat' dir='ltr'>post</span> <span class='ocrx_word' id='word_1_92' title='bbox 1003 1855 1126 1940; x_wconf 90' lang='lat' dir='ltr'>lapsum</span> <span class='ocrx_word' id='word_1_93' title='bbox 1142 1878 1201 1940; x_wconf 86' lang='lat' dir='ltr'>per</span> <span class='ocrx_word' id='word_1_94' title='bbox 1225 1877 1297 1918; x_wconf 93' lang='lat' dir='ltr'>con·</span> 
     </span>
     <span class='ocr_line' id='line_1_13' title="bbox 149 1942 501 2029; baseline -0.003 -19"><span class='ocrx_word' id='word_1_95' title='bbox 149 1946 319 2010; x_wconf 85' lang='lat' dir='ltr'>fossionem</span> <span class='ocrx_word' id='word_1_96' title='bbox 337 1942 501 2029; x_wconf 89' lang='lat' dir='ltr'>poenitere.</span> 
     </span>
    </p>
   </div>
   <div class='ocr_carea' id='block_1_4' title="bbox 610 2281 831 2367">
    <p class='ocr_par' dir='ltr' id='par_1_5' title="bbox 610 2281 831 2367">
     <span class='ocr_line' id='line_1_14' title="bbox 610 2281 831 2367; baseline -0.014 -18"><span class='ocrx_word' id='word_1_97' title='bbox 610 2283 726 2360; x_wconf 78' lang='lat' dir='ltr'>[one.</span> <span class='ocrx_word' id='word_1_98' title='bbox 751 2281 831 2367; x_wconf 82' lang='lat' dir='ltr'>rx]</span> 
     </span>
    </p>
   </div>
   <div class='ocr_carea' id='block_1_5' title="bbox 149 2529 1307 4395">
    <p class='ocr_par' dir='ltr' id='par_1_6' title="bbox 149 2529 1307 4395">
     <span class='ocr_line' id='line_1_15' title="bbox 198 2529 1299 2618; baseline 0.001 -20"><span class='ocrx_word' id='word_1_99' title='bbox 198 2534 293 2598; x_wconf 93' lang='lat' dir='ltr'>Tunc</span> <span class='ocrx_word' id='word_1_100' title='bbox 322 2531 443 2617; x_wconf 87' lang='lat' dir='ltr'>regina,</span> <span class='ocrx_word' id='word_1_101' title='bbox 469 2530 623 2616; x_wconf 88' lang='lat' dir='ltr'>Episcopi</span> <span class='ocrx_word' id='word_1_102' title='bbox 653 2529 906 2618; x_wconf 84' lang='lat' dir='ltr'>indignationem</span> <span class='ocrx_word' id='word_1_103' title='bbox 941 2556 1005 2597; x_wconf 92' lang='lat' dir='ltr'>non</span> <span class='ocrx_word' id='word_1_104' title='bbox 1038 2533 1207 2614; x_wconf 91' lang='lat' dir='ltr'>sustinens,</span> <span class='ocrx_word' id='word_1_105' title='bbox 1233 2559 1299 2601; x_wconf 91' lang='lat' dir='ltr'>om·</span> 
     </span>
     <span class='ocr_line' id='line_1_16' title="bbox 150 2619 1299 2710; baseline 0 -22"><span class='ocrx_word' id='word_1_106' title='bbox 150 2625 205 2689; x_wconf 89' lang='lat' dir='ltr'>nia</span> <span class='ocrx_word' id='word_1_107' title='bbox 219 2621 360 2687; x_wconf 89' lang='lat' dir='ltr'>seriatim</span> <span class='ocrx_word' id='word_1_108' title='bbox 376 2621 539 2705; x_wconf 85' lang='lat' dir='ltr'>exposuit3</span> <span class='ocrx_word' id='word_1_109' title='bbox 564 2631 608 2696; x_wconf 91' lang='lat' dir='ltr'>et,</span> <span class='ocrx_word' id='word_1_110' title='bbox 633 2619 769 2704; x_wconf 89' lang='lat' dir='ltr'>qualiter</span> <span class='ocrx_word' id='word_1_111' title='bbox 783 2645 811 2697; x_wconf 90' lang='lat' dir='ltr'>a</span> <span class='ocrx_word' id='word_1_112' title='bbox 838 2620 906 2685; x_wconf 91' lang='lat' dir='ltr'>filio</span> <span class='ocrx_word' id='word_1_113' title='bbox 933 2645 990 2686; x_wconf 94' lang='lat' dir='ltr'>suo</span> <span class='ocrx_word' id='word_1_114' title='bbox 1016 2645 1092 2710; x_wconf 89' lang='lat' dir='ltr'>rege</span> <span class='ocrx_word' id='word_1_115' title='bbox 1116 2623 1187 2687; x_wconf 87' lang='lat' dir='ltr'>haec</span> <span class='ocrx_word' id='word_1_116' title='bbox 1211 2625 1299 2708; x_wconf 85' lang='lat' dir='ltr'>virgo</span> 
     </span>
     <span class='ocr_line' id='line_1_17' title="bbox 149 2706 1299 2798; baseline 0 -22"><span class='ocrx_word' id='word_1_117' title='bbox 149 2712 194 2777; x_wconf 92' lang='lat' dir='ltr'>illi</span> <span class='ocrx_word' id='word_1_118' title='bbox 212 2712 393 2776; x_wconf 90' lang='lat' dir='ltr'>transmissa</span> <span class='ocrx_word' id='word_1_119' title='bbox 408 2722 440 2773; x_wconf 86' lang='lat' dir='ltr'>et</span> <span class='ocrx_word' id='word_1_120' title='bbox 463 2707 632 2773; x_wconf 90' lang='lat' dir='ltr'>commissa</span> <span class='ocrx_word' id='word_1_121' title='bbox 652 2706 772 2789; x_wconf 91' lang='lat' dir='ltr'>fuisset,</span> <span class='ocrx_word' id='word_1_122' title='bbox 798 2708 909 2774; x_wconf 87' lang='lat' dir='ltr'>edixit.</span> <span class='ocrx_word' id='word_1_123' title='bbox 960 2711 1102 2774; x_wconf 90' lang='lat' dir='ltr'>Audiens</span> <span class='ocrx_word' id='word_1_124' title='bbox 1116 2735 1192 2776; x_wconf 88' lang='lat' dir='ltr'>vero</span> <span class='ocrx_word' id='word_1_125' title='bbox 1211 2712 1299 2798; x_wconf 87' lang='lat' dir='ltr'>Epis·</span> 
     </span>
     <span class='ocr_line' id='line_1_18' title="bbox 152 2797 1298 2887; baseline 0 -22"><span class='ocrx_word' id='word_1_126' title='bbox 152 2824 251 2887; x_wconf 92' lang='lat' dir='ltr'>copus</span> <span class='ocrx_word' id='word_1_127' title='bbox 275 2813 401 2877; x_wconf 91' lang='lat' dir='ltr'>cuncta,</span> <span class='ocrx_word' id='word_1_128' title='bbox 426 2821 498 2884; x_wconf 84' lang='lat' dir='ltr'>quae</span> <span class='ocrx_word' id='word_1_129' title='bbox 522 2797 732 2881; x_wconf 83' lang='lat' dir='ltr'>contigerant,</span> <span class='ocrx_word' id='word_1_130' title='bbox 749 2799 848 2882; x_wconf 90' lang='lat' dir='ltr'>coepit</span> <span class='ocrx_word' id='word_1_131' title='bbox 864 2799 1130 2883; x_wconf 84' lang='lat' dir='ltr'>animo-pacatior</span> <span class='ocrx_word' id='word_1_132' title='bbox 1153 2804 1298 2877; x_wconf 86' lang='lat' dir='ltr'>existere,</span> 
     </span>
     <span class='ocr_line' id='line_1_19' title="bbox 152 2884 1298 2977; baseline -0.003 -22"><span class='ocrx_word' id='word_1_133' title='bbox 152 2903 183 2955; x_wconf 90' lang='lat' dir='ltr'>et</span> <span class='ocrx_word' id='word_1_134' title='bbox 208 2887 403 2954; x_wconf 91' lang='lat' dir='ltr'>mansuetius</span> <span class='ocrx_word' id='word_1_135' title='bbox 427 2884 634 2972; x_wconf 89' lang='lat' dir='ltr'>postmodum</span> <span class='ocrx_word' id='word_1_136' title='bbox 659 2901 775 2952; x_wconf 89' lang='lat' dir='ltr'>caetera</span> <span class='ocrx_word' id='word_1_137' title='bbox 800 2887 964 2951; x_wconf 89' lang='lat' dir='ltr'>sustinere.</span> <span class='ocrx_word' id='word_1_138' title='bbox 1012 2887 1118 2965; x_wconf 90' lang='lat' dir='ltr'>Nunc,</span> <span class='ocrx_word' id='word_1_139' title='bbox 1143 2887 1298 2977; x_wconf 88' lang='lat' dir='ltr'>inquiens,</span> 
     </span>
     <span class='ocr_line' id='line_1_20' title="bbox 153 2973 1299 3064; baseline 0 -25"><span class='ocrx_word' id='word_1_140' title='bbox 153 2977 228 3064; x_wconf 89' lang='lat' dir='ltr'>quia</span> <span class='ocrx_word' id='word_1_141' title='bbox 251 2974 315 3042; x_wconf 78' lang='lat' dir='ltr'>Dei</span> <span class='ocrx_word' id='word_1_142' title='bbox 342 2975 511 3038; x_wconf 87' lang='lat' dir='ltr'>clementia</span> <span class='ocrx_word' id='word_1_143' title='bbox 533 2973 666 3036; x_wconf 88' lang='lat' dir='ltr'>domum</span> <span class='ocrx_word' id='word_1_144' title='bbox 689 2976 781 3041; x_wconf 88' lang='lat' dir='ltr'>istam</span> <span class='ocrx_word' id='word_1_145' title='bbox 813 2976 1013 3060; x_wconf 89' lang='lat' dir='ltr'>impollutam</span> <span class='ocrx_word' id='word_1_146' title='bbox 1048 2977 1232 3055; x_wconf 90' lang='lat' dir='ltr'>custodivit,</span> <span class='ocrx_word' id='word_1_147' title='bbox 1256 2976 1299 3040; x_wconf 92' lang='lat' dir='ltr'>illi</span> 
     </span>
     <span class='ocr_line' id='line_1_21' title="bbox 151 3061 1299 3151; baseline -0.001 -21"><span class='ocrx_word' id='word_1_148' title='bbox 151 3065 283 3130; x_wconf 90' lang='lat' dir='ltr'>laudum</span> <span class='ocrx_word' id='word_1_149' title='bbox 314 3061 478 3147; x_wconf 87' lang='lat' dir='ltr'>praeconia</span> <span class='ocrx_word' id='word_1_150' title='bbox 506 3061 691 3129; x_wconf 86' lang='lat' dir='ltr'>referamus.</span> <span class='ocrx_word' id='word_1_151' title='bbox 749 3064 974 3127; x_wconf 87' lang='lat' dir='ltr'>Indubitanter</span> <span class='ocrx_word' id='word_1_152' title='bbox 1004 3086 1081 3151; x_wconf 88' lang='lat' dir='ltr'>ergo</span> <span class='ocrx_word' id='word_1_153' title='bbox 1114 3063 1299 3150; x_wconf 87' lang='lat' dir='ltr'>Episcopus,</span> 
     </span>
     <span class='ocr_line' id='line_1_22' title="bbox 151 3149 1298 3240; baseline -0.002 -22"><span class='ocrx_word' id='word_1_154' title='bbox 151 3164 362 3240; x_wconf 90' lang='lat' dir='ltr'>percunctato</span> <span class='ocrx_word' id='word_1_155' title='bbox 384 3149 525 3233; x_wconf 88' lang='lat' dir='ltr'>negotiu,</span> <span class='ocrx_word' id='word_1_156' title='bbox 539 3150 580 3213; x_wconf 92' lang='lat' dir='ltr'>de</span> <span class='ocrx_word' id='word_1_157' title='bbox 596 3174 661 3237; x_wconf 95' lang='lat' dir='ltr'>quo</span> <span class='ocrx_word' id='word_1_158' title='bbox 677 3154 706 3216; x_wconf 90' lang='lat' dir='ltr'>ei</span> <span class='ocrx_word' id='word_1_159' title='bbox 721 3152 875 3216; x_wconf 87' lang='lat' dir='ltr'>hactenus</span> <span class='ocrx_word' id='word_1_160' title='bbox 892 3165 1040 3236; x_wconf 90' lang='lat' dir='ltr'>suspecta</span> <span class='ocrx_word' id='word_1_161' title='bbox 1055 3154 1166 3237; x_wconf 92' lang='lat' dir='ltr'>opinio</span> <span class='ocrx_word' id='word_1_162' title='bbox 1183 3153 1298 3231; x_wconf 90' lang='lat' dir='ltr'>extitit,</span> 
     </span>
     <span class='ocr_line' id='line_1_23' title="bbox 152 3238 1299 3327; baseline 0.001 -23"><span class='ocrx_word' id='word_1_163' title='bbox 152 3242 250 3304; x_wconf 88' lang='lat' dir='ltr'>nichil</span> <span class='ocrx_word' id='word_1_164' title='bbox 266 3240 427 3303; x_wconf 90' lang='lat' dir='ltr'>sinistrum</span> <span class='ocrx_word' id='word_1_165' title='bbox 444 3238 578 3302; x_wconf 88' lang='lat' dir='ltr'>ulterius</span> <span class='ocrx_word' id='word_1_166' title='bbox 593 3241 791 3305; x_wconf 88' lang='lat' dir='ltr'>credendum</span> <span class='ocrx_word' id='word_1_167' title='bbox 798 3238 965 3325; x_wconf 87' lang='lat' dir='ltr'>judicavit.</span> <span class='ocrx_word' id='word_1_168' title='bbox 1017 3239 1101 3304; x_wconf 87' lang='lat' dir='ltr'>Nam</span> <span class='ocrx_word' id='word_1_169' title='bbox 1124 3255 1158 3306; x_wconf 89' lang='lat' dir='ltr'>et</span> <span class='ocrx_word' id='word_1_170' title='bbox 1179 3243 1299 3327; x_wconf 84' lang='lat' dir='ltr'>reginae</span> 
     </span>
     <span class='ocr_line' id='line_1_24' title="bbox 152 3325 1300 3415; baseline -0.001 -22"><span class='ocrx_word' id='word_1_171' title='bbox 152 3327 357 3394; x_wconf 90' lang='lat' dir='ltr'>clementiam</span> <span class='ocrx_word' id='word_1_172' title='bbox 379 3325 412 3388; x_wconf 92' lang='lat' dir='ltr'>in</span> <span class='ocrx_word' id='word_1_173' title='bbox 428 3327 543 3411; x_wconf 85' lang='lat' dir='ltr'>puellae</span> <span class='ocrx_word' id='word_1_174' title='bbox 560 3329 777 3415; x_wconf 87' lang='lat' dir='ltr'>compassione</span> <span class='ocrx_word' id='word_1_175' title='bbox 792 3327 941 3392; x_wconf 89' lang='lat' dir='ltr'>laudibus</span> <span class='ocrx_word' id='word_1_176' title='bbox 966 3329 1107 3407; x_wconf 77' lang='lat' dir='ltr'>sustulit,</span> <span class='ocrx_word' id='word_1_177' title='bbox 1126 3343 1157 3394; x_wconf 88' lang='lat' dir='ltr'>et</span> <span class='ocrx_word' id='word_1_178' title='bbox 1172 3330 1300 3415; x_wconf 89' lang='lat' dir='ltr'>virginis</span> 
     </span>
     <span class='ocr_line' id='line_1_25' title="bbox 152 3414 1300 3505; baseline 0.002 -24"><span class='ocrx_word' id='word_1_179' title='bbox 152 3438 314 3502; x_wconf 78' lang='lat' dir='ltr'>oppressae</span> <span class='ocrx_word' id='word_1_180' title='bbox 330 3416 546 3481; x_wconf 90' lang='lat' dir='ltr'>innocentiam</span> <span class='ocrx_word' id='word_1_181' title='bbox 570 3419 624 3502; x_wconf 92' lang='lat' dir='ltr'>pia</span> <span class='ocrx_word' id='word_1_182' title='bbox 647 3414 908 3480; x_wconf 86' lang='lat' dir='ltr'>consideracione</span> <span class='ocrx_word' id='word_1_183' title='bbox 935 3418 1112 3505; x_wconf 89' lang='lat' dir='ltr'>mitigando</span> <span class='ocrx_word' id='word_1_184' title='bbox 1138 3417 1300 3484; x_wconf 82' lang='lat' dir='ltr'>relevavit</span> 
     </span>
     <span class='ocr_line' id='line_1_26' title="bbox 157 3502 1302 3592; baseline 0 -22"><span class='ocrx_word' id='word_1_185' title='bbox 157 3503 257 3570; x_wconf 91' lang='lat' dir='ltr'>Unde</span> <span class='ocrx_word' id='word_1_186' title='bbox 267 3503 409 3589; x_wconf 86' lang='lat' dir='ltr'>reginam</span> <span class='ocrx_word' id='word_1_187' title='bbox 424 3505 589 3570; x_wconf 89' lang='lat' dir='ltr'>blandiciis</span> <span class='ocrx_word' id='word_1_188' title='bbox 599 3502 753 3582; x_wconf 88' lang='lat' dir='ltr'>delinivit,</span> <span class='ocrx_word' id='word_1_189' title='bbox 767 3516 799 3567; x_wconf 88' lang='lat' dir='ltr'>et</span> <span class='ocrx_word' id='word_1_190' title='bbox 808 3504 954 3568; x_wconf 90' lang='lat' dir='ltr'>convitiis</span> <span class='ocrx_word' id='word_1_191' title='bbox 967 3519 1191 3592; x_wconf 88' lang='lat' dir='ltr'>exasperatam</span> <span class='ocrx_word' id='word_1_192' title='bbox 1204 3506 1302 3572; x_wconf 92' lang='lat' dir='ltr'>dulci·</span> 
     </span>
     <span class='ocr_line' id='line_1_27' title="bbox 152 3591 1302 3680; baseline 0.001 -22"><span class='ocrx_word' id='word_1_193' title='bbox 152 3595 213 3658; x_wconf 90' lang='lat' dir='ltr'>bus</span> <span class='ocrx_word' id='word_1_194' title='bbox 229 3592 375 3680; x_wconf 93' lang='lat' dir='ltr'>alloquiis</span> <span class='ocrx_word' id='word_1_195' title='bbox 391 3594 589 3660; x_wconf 90' lang='lat' dir='ltr'>consolando</span> <span class='ocrx_word' id='word_1_196' title='bbox 605 3591 750 3656; x_wconf 87' lang='lat' dir='ltr'>refovere</span> <span class='ocrx_word' id='word_1_197' title='bbox 774 3613 839 3655; x_wconf 91' lang='lat' dir='ltr'>non</span> <span class='ocrx_word' id='word_1_198' title='bbox 852 3592 985 3661; x_wconf 90' lang='lat' dir='ltr'>destitit.</span> <span class='ocrx_word' id='word_1_199' title='bbox 1035 3596 1210 3680; x_wconf 86' lang='lat' dir='ltr'>Puerperae</span> <span class='ocrx_word' id='word_1_200' title='bbox 1225 3618 1302 3660; x_wconf 89' lang='lat' dir='ltr'>vero</span> 
     </span>
     <span class='ocr_line' id='line_1_28' title="bbox 152 3679 1303 3768; baseline 0.002 -23"><span class='ocrx_word' id='word_1_201' title='bbox 152 3684 302 3747; x_wconf 87' lang='lat' dir='ltr'>innocuae</span> <span class='ocrx_word' id='word_1_202' title='bbox 318 3683 523 3748; x_wconf 89' lang='lat' dir='ltr'>conscientiae</span> <span class='ocrx_word' id='word_1_203' title='bbox 539 3679 691 3757; x_wconf 87' lang='lat' dir='ltr'>miserias,</span> <span class='ocrx_word' id='word_1_204' title='bbox 702 3694 858 3766; x_wconf 87' lang='lat' dir='ltr'>quantum</span> <span class='ocrx_word' id='word_1_205' title='bbox 873 3682 989 3767; x_wconf 89' lang='lat' dir='ltr'>potuit,</span> <span class='ocrx_word' id='word_1_206' title='bbox 1001 3685 1213 3768; x_wconf 86' lang='lat' dir='ltr'>temperavit3</span> <span class='ocrx_word' id='word_1_207' title='bbox 1236 3706 1303 3748; x_wconf 92' lang='lat' dir='ltr'>sus·</span> 
     </span>
     <span class='ocr_line' id='line_1_29' title="bbox 153 3771 1303 3860; baseline 0.003 -25"><span class='ocrx_word' id='word_1_208' title='bbox 153 3783 345 3858; x_wconf 87' lang='lat' dir='ltr'>ceptumque</span> <span class='ocrx_word' id='word_1_209' title='bbox 360 3774 475 3858; x_wconf 88' lang='lat' dir='ltr'>pignus</span> <span class='ocrx_word' id='word_1_210' title='bbox 490 3783 600 3834; x_wconf 89' lang='lat' dir='ltr'>natum</span> <span class='ocrx_word' id='word_1_211' title='bbox 613 3790 722 3832; x_wconf 88' lang='lat' dir='ltr'>secum</span> <span class='ocrx_word' id='word_1_212' title='bbox 737 3771 883 3847; x_wconf 87' lang='lat' dir='ltr'>sustulit3</span> <span class='ocrx_word' id='word_1_213' title='bbox 900 3785 932 3836; x_wconf 89' lang='lat' dir='ltr'>et</span> <span class='ocrx_word' id='word_1_214' title='bbox 943 3771 1017 3858; x_wconf 89' lang='lat' dir='ltr'>quia</span> <span class='ocrx_word' id='word_1_215' title='bbox 1026 3773 1181 3838; x_wconf 86' lang='lat' dir='ltr'>infantem</span> <span class='ocrx_word' id='word_1_216' title='bbox 1197 3774 1303 3860; x_wconf 88' lang='lat' dir='ltr'>ipsum</span> 
     </span>
     <span class='ocr_line' id='line_1_30' title="bbox 154 3859 1302 3947; baseline 0.003 -24"><span class='ocrx_word' id='word_1_217' title='bbox 154 3859 294 3924; x_wconf 90' lang='lat' dir='ltr'>maxime</span> <span class='ocrx_word' id='word_1_218' title='bbox 310 3860 491 3947; x_wconf 91' lang='lat' dir='ltr'>opimorum</span> <span class='ocrx_word' id='word_1_219' title='bbox 507 3878 637 3920; x_wconf 92' lang='lat' dir='ltr'>suorum</span> <span class='ocrx_word' id='word_1_220' title='bbox 660 3879 702 3919; x_wconf 89' lang='lat' dir='ltr'>ex</span> <span class='ocrx_word' id='word_1_221' title='bbox 719 3859 873 3923; x_wconf 89' lang='lat' dir='ltr'>miraculo</span> <span class='ocrx_word' id='word_1_222' title='bbox 890 3861 1102 3926; x_wconf 87' lang='lat' dir='ltr'>choruscante</span> <span class='ocrx_word' id='word_1_223' title='bbox 1118 3863 1302 3939; x_wconf 85' lang='lat' dir='ltr'>didiscerat,</span> 
     </span>
     <span class='ocr_line' id='line_1_31' title="bbox 155 3943 1304 4033; baseline 0.002 -21"><span class='ocrx_word' id='word_1_224' title='bbox 155 3949 349 4013; x_wconf 92' lang='lat' dir='ltr'>omnimodis</span> <span class='ocrx_word' id='word_1_225' title='bbox 365 3949 411 4012; x_wconf 92' lang='lat' dir='ltr'>illi</span> <span class='ocrx_word' id='word_1_226' title='bbox 437 3945 584 4012; x_wconf 89' lang='lat' dir='ltr'>omnibus</span> <span class='ocrx_word' id='word_1_227' title='bbox 600 3943 835 4033; x_wconf 87' lang='lat' dir='ltr'>diligentiorem</span> <span class='ocrx_word' id='word_1_228' title='bbox 860 3972 971 4013; x_wconf 89' lang='lat' dir='ltr'>curam</span> <span class='ocrx_word' id='word_1_229' title='bbox 995 3963 1029 4015; x_wconf 89' lang='lat' dir='ltr'>et</span> <span class='ocrx_word' id='word_1_230' title='bbox 1051 3951 1230 4016; x_wconf 89' lang='lat' dir='ltr'>custodiam</span> <span class='ocrx_word' id='word_1_231' title='bbox 1246 3951 1304 4015; x_wconf 89' lang='lat' dir='ltr'>ad-</span> 
     </span>
     <span class='ocr_line' id='line_1_32' title="bbox 154 4033 1304 4124; baseline 0.001 -23"><span class='ocrx_word' id='word_1_232' title='bbox 154 4036 258 4102; x_wconf 86' lang='lat' dir='ltr'>hiberi</span> <span class='ocrx_word' id='word_1_233' title='bbox 288 4037 434 4104; x_wconf 86' lang='lat' dir='ltr'>faciebat.</span> <span class='ocrx_word' id='word_1_234' title='bbox 482 4033 552 4097; x_wconf 89' lang='lat' dir='ltr'>Nec</span> <span class='ocrx_word' id='word_1_235' title='bbox 582 4033 684 4098; x_wconf 91' lang='lat' dir='ltr'>multo</span> <span class='ocrx_word' id='word_1_236' title='bbox 709 4051 793 4120; x_wconf 93' lang='lat' dir='ltr'>post,</span> <span class='ocrx_word' id='word_1_237' title='bbox 826 4060 963 4123; x_wconf 88' lang='lat' dir='ltr'>puerum</span> <span class='ocrx_word' id='word_1_238' title='bbox 994 4039 1082 4103; x_wconf 92' lang='lat' dir='ltr'>unda</span> <span class='ocrx_word' id='word_1_239' title='bbox 1104 4038 1304 4124; x_wconf 91' lang='lat' dir='ltr'>baptismatis</span> 
     </span>
     <span class='ocr_line' id='line_1_33' title="bbox 155 4121 1306 4211; baseline 0.001 -21"><span class='ocrx_word' id='word_1_240' title='bbox 155 4125 307 4211; x_wconf 84' lang='lat' dir='ltr'>perfudit,</span> <span class='ocrx_word' id='word_1_241' title='bbox 331 4124 383 4189; x_wconf 88' lang='lat' dir='ltr'>cui</span> <span class='ocrx_word' id='word_1_242' title='bbox 398 4123 430 4185; x_wconf 92' lang='lat' dir='ltr'>in</span> <span class='ocrx_word' id='word_1_243' title='bbox 446 4143 537 4185; x_wconf 90' lang='lat' dir='ltr'>sacro</span> <span class='ocrx_word' id='word_1_244' title='bbox 552 4121 641 4186; x_wconf 87' lang='lat' dir='ltr'>fonte</span> <span class='ocrx_word' id='word_1_245' title='bbox 667 4122 844 4191; x_wconf 88' lang='lat' dir='ltr'>Hibernico</span> <span class='ocrx_word' id='word_1_246' title='bbox 860 4149 1007 4191; x_wconf 90' lang='lat' dir='ltr'>sermone</span> <span class='ocrx_word' id='word_1_247' title='bbox 1025 4127 1171 4194; x_wconf 91' lang='lat' dir='ltr'>Mullucc</span> <span class='ocrx_word' id='word_1_248' title='bbox 1187 4150 1306 4192; x_wconf 89' lang='lat' dir='ltr'>nomen</span> 
     </span>
     <span class='ocr_line' id='line_1_34' title="bbox 154 4209 1307 4305; baseline 0.004 -29"><span class='ocrx_word' id='word_1_249' title='bbox 154 4216 318 4300; x_wconf 91' lang='lat' dir='ltr'>imposuit,</span> <span class='ocrx_word' id='word_1_250' title='bbox 335 4212 377 4276; x_wconf 89' lang='lat' dir='ltr'>ad</span> <span class='ocrx_word' id='word_1_251' title='bbox 392 4209 603 4298; x_wconf 88' lang='lat' dir='ltr'>ultimumque</span> <span class='ocrx_word' id='word_1_252' title='bbox 614 4211 780 4279; x_wconf 88' lang='lat' dir='ltr'>literarum</span> <span class='ocrx_word' id='word_1_253' title='bbox 803 4215 914 4280; x_wconf 93' lang='lat' dir='ltr'>studiis</span> <span class='ocrx_word' id='word_1_254' title='bbox 929 4215 1005 4280; x_wconf 87' lang='lat' dir='ltr'>fecit</span> <span class='ocrx_word' id='word_1_255' title='bbox 1020 4215 1161 4294; x_wconf 87' lang='lat' dir='ltr'>institui3</span> <span class='ocrx_word' id='word_1_256' title='bbox 1186 4230 1218 4283; x_wconf 93' lang='lat' dir='ltr'>et</span> <span class='ocrx_word' id='word_1_257' title='bbox 1230 4215 1307 4305; x_wconf 86' lang='lat' dir='ltr'>quia</span> 
     </span>
     <span class='ocr_line' id='line_1_35' title="bbox 155 4298 1307 4395; baseline 0.001 -25"><span class='ocrx_word' id='word_1_258' title='bbox 155 4304 190 4369; x_wconf 93' lang='lat' dir='ltr'>in</span> <span class='ocrx_word' id='word_1_259' title='bbox 216 4301 363 4370; x_wconf 90' lang='lat' dir='ltr'>omnibus</span> <span class='ocrx_word' id='word_1_260' title='bbox 386 4298 493 4387; x_wconf 88' lang='lat' dir='ltr'>ipsum</span> <span class='ocrx_word' id='word_1_261' title='bbox 520 4299 600 4366; x_wconf 92' lang='lat' dir='ltr'>vidit</span> <span class='ocrx_word' id='word_1_262' title='bbox 623 4300 688 4368; x_wconf 93' lang='lat' dir='ltr'>Dei</span> <span class='ocrx_word' id='word_1_263' title='bbox 711 4304 882 4372; x_wconf 86' lang='lat' dir='ltr'>clementia</span> <span class='ocrx_word' id='word_1_264' title='bbox 905 4303 1046 4383; x_wconf 78' lang='lat' dir='ltr'>effiilsiri,</span> <span class='ocrx_word' id='word_1_265' title='bbox 1069 4306 1174 4395; x_wconf 88' lang='lat' dir='ltr'>ipsum</span> <span class='ocrx_word' id='word_1_266' title='bbox 1207 4327 1307 4394; x_wconf 91' lang='lat' dir='ltr'>super</span> 
     </span>
    </p>
   </div>
   <div class='ocr_carea' id='block_1_6' title="bbox 0 0 1466 5018">
    <p class='ocr_par' dir='ltr' id='par_1_7' title="bbox 0 0 1466 5018">
     <span class='ocr_line' id='line_1_36' title="bbox 0 0 1466 5018; baseline 0 0"><span class='ocrx_word' id='word_1_267' title='bbox 0 0 1466 5018; x_wconf 95' lang='lat' dir='ltr'> </span> 
     </span>
    </p>
   </div>
  </div>
 </body>
</html>
