2888 5018
637 384 640 391 '
684 377 777 434 vm
803 373 942 429 saucrl

317 912 432 1003 [CAP.
449 911 520 978 XX
523 909 756 990 VIN-Quod
769 911 937 976 Hereberto
948 909 1161 993 impetraverit
1169 916 1205 974 ut
1213 926 1315 973 secum

615 1002 765 1082 mipraret
777 1002 822 1064 ad
834 1002 1014 1068 Dominum.

375 1307 453 1383 Quo
464 1325 545 1388 rogo
560 1317 676 1369 conatu
689 1304 825 1368 referam
841 1306 963 1390 majora
979 1303 1112 1367 relatu?

379 1394 484 1468 Quam
501 1414 590 1456 sacer
606 1391 724 1476 insigni
739 1392 855 1456 sanctis
872 1413 962 1455 amor
976 1403 1093 1455 aestuet
1107 1390 1183 1475 igni,

375 1483 492 1567 Deque
508 1480 635 1543 duobus
648 1480 733 1543 idem
750 1503 806 1544 cor
821 1481 944 1544 adunet
959 1478 1089 1564 spiritus
1105 1477 1217 1542 idem?

377 1571 515 1634 Pectore
530 1580 695 1630 consertus
711 1568 770 1631 tibi
786 1571 970 1654 sejungens
988 1566 1203 1642 Herebertus,

375 1657 425 1720 Te
441 1656 585 1740 sequitur
599 1654 664 1718 vita
679 1655 887 1738 resplendens
904 1654 1107 1720 anachorita:

376 1744 460 1808 Nam
477 1755 508 1806 tc
525 1742 685 1805 viventem
701 1742 908 1830 sequiturque
921 1744 1061 1828 colitque
1072 1742 1244 1806 docentem
1261 1768 1270 1820 3

377 1832 430 1897 Sic
446 1843 502 1894 tua
517 1831 604 1894 dicta
620 1830 707 1908 colit,
725 1845 761 1894 ut
776 1831 817 1895 ab
833 1830 883 1894 his
900 1830 1065 1895 discedere
1080 1828 1171 1895 nolit.

379 1921 457 1984 Estu
474 1941 547 1983 cum
561 1941 679 2000 magno
695 1918 791 1983 semel
808 1918 849 1982 ad
866 1932 897 1983 te
914 1918 1048 1983 venitin
1064 1940 1161 1998 anno,

381 2009 498 2096 Sicque
514 2021 572 2072 tuo
587 2007 656 2072 fatu
672 2008 796 2085 crescit,
821 2030 881 2071 ceu
897 2008 983 2071 taeda
997 2021 1126 2083 rotatu3

377 2099 457 2182 Spes
473 2108 710 2183 augmentatur,
735 2117 811 2159 caro
826 2097 935 2173 servit,
960 2117 1050 2160 mens
1066 2095 1250 2162 dominatur
1259 2126 1269 2177 ;

377 2185 521 2249 Omnino
537 2185 671 2269 spernit,
696 2183 784 2270 quod
800 2182 922 2247 mundo
937 2183 1034 2247 labile
1050 2183 1152 2248 cernit
1162 2207 1172 2260 3

377 2271 500 2336 Tendit
514 2271 554 2335 ad
568 2291 698 2348 aeterna,
722 2283 902 2359 praegustat
924 2272 1063 2336 amando
1078 2294 1229 2359 superna,

374 2361 463 2424 Dum
481 2359 664 2422 conferretis
687 2373 819 2422 aeternae
835 2360 934 2424 verba
949 2358 1075 2447 quietis.

375 2445 533 2522 Tandem,
561 2445 750 2523 Cuthberte,
774 2448 862 2510 socio
877 2449 964 2512 canis
981 2447 1061 2526 haec,
1081 2457 1105 2490 “
1120 2448 1319 2532 Hereberte,

378 2534 457 2598 Hoc
480 2533 577 2597 modo
601 2546 776 2611 momento,
801 2535 889 2619 quod
912 2535 958 2599 vis
981 2537 1129 2602 conferre
1151 2554 1328 2623 memento,

377 2623 422 2687 Et
437 2620 655 2707 percuncteris
678 2645 697 2686 a
712 2644 763 2686 me
779 2623 866 2709 quod
882 2646 1014 2689 noscere
1038 2627 1172 2712 quaeris,

379 2711 469 2775 Hinc
492 2710 669 2799 digressuri
685 2733 804 2788 sumus,
828 2712 914 2776 ultra
936 2736 1003 2777 nou
1019 2714 1172 2790 redituri3

374 2799 447 2864 Jam
463 2799 676 2879 discedemus,
693 2800 749 2863 sed
761 2813 834 2885 post
849 2822 918 2864 non
940 2824 999 2866 nos
1014 2817 1217 2887 repetemus3

376 2887 452 2951 Non
469 2889 530 2952 erit
545 2887 679 2953 ulterius
696 2902 842 2972 aspectus
866 2891 1008 2974 corporis
1023 2890 1131 2975 liujus,

375 2974 491 3051 Judice
514 2998 588 3040 nam
614 2975 756 3055 Christo,
781 2976 846 3040 cito
862 3000 998 3062 corpore
1015 2978 1123 3043 solvar
1138 2980 1179 3043 ab
1196 2981 1258 3045 isto
1272 3008 1283 3058 3

379 3063 517 3127 Carnem
534 3064 708 3149 deponam,
722 3065 860 3151 vitaeque
876 3065 990 3130 subibo
1007 3069 1192 3135 coronam.’'

377 3149 507 3215 Auditis
519 3152 596 3230 istis,
613 3152 775 3217 Herebert
790 3154 827 3218 fit
842 3168 971 3238 pectora
988 3156 1107 3231 tristis3

381 3241 506 3304 Stratus
528 3241 617 3304 humi
630 3239 747 3325 plorat,
773 3242 855 3306 votis
872 3255 905 3307 et
921 3243 1054 3307 vocibus
1070 3257 1158 3320 orat3

376 3338 400 3369 “
416 3328 547 3407 Quaes0,
565 3328 611 3393 tui
627 3329 704 3404 cari,
729 3331 922 3408 venerande,
940 3330 1017 3394 velis
1034 3335 1227 3398 memorari:

375 3417 440 3482 Fac
456 3418 575 3503 pietate
592 3417 656 3480 Dei
671 3417 731 3480 sim
747 3441 878 3504 compos
894 3419 963 3503 ipse
979 3419 1118 3506 trophaei
1132 3444 1141 3496 ;

381 3505 545 3570 Scandeus
562 3506 626 3570 alta
641 3506 709 3591 poli
725 3527 776 3569 me
792 3507 883 3572 terris
899 3506 1044 3594 linquere
1059 3507 1127 3573 noli
1136 3532 1146 3584 3

378 3593 503 3658 Tecum
519 3596 561 3659 de
577 3594 700 3658 mundo
716 3595 927 3681 commigrem
943 3597 1006 3660 tine
1023 3597 1177 3674 secundo,

282 3694 284 3698 '
379 3681 422 3745 Et
437 3682 494 3747 tibi
511 3684 689 3770 conjungar
704 3704 776 3746 cum
793 3683 868 3746 vitae
879 3706 1015 3748 munere
1027 3684 1173 3770 fungar.''

378 3769 500 3834 Praesul
517 3772 662 3849 sullimis,
678 3782 844 3856 permotus
860 3771 965 3835 cordis
980 3773 1021 3836 ab
1037 3773 1119 3853 imis,

378 3857 467 3921 Huic
483 3859 537 3923 tali
555 3874 633 3924 voto
649 3858 813 3923 concurris
829 3871 959 3943 pectore
975 3872 1055 3926 toto.

377 3945 503 4012 Exores
522 3948 698 4022 Christum,
715 3969 781 4032 quo
794 3959 901 4011 tecum
917 3948 1009 4013 tollat
1025 3963 1059 4015 et
1074 3951 1182 4027 istum,

379 4034 607 4123 Obsequioque
622 4035 692 4120 pari
709 4034 822 4118 jubeat
844 4057 940 4120 super
956 4050 1040 4101 astra
1054 4038 1166 4103 levari.

371 4122 441 4188 Nec
458 4147 558 4200 mora,
575 4121 701 4186 sensisti
717 4121 775 4186 tibi
791 4123 908 4188 cedere
920 4145 1056 4190 munera
1072 4125 1213 4201 Christi3

378 4211 512 4276 Sensisti
529 4210 602 4275 dico
618 4208 791 4294 spiramine
807 4209 922 4275 doctus
945 4211 1069 4277 amico:

378 4308 400 4338 “
419 4297 564 4377 Frater‚''
580 4298 636 4374 ais,
657 4305 679 4339 ‘⁶
692 4317 799 4384 surge,
818 4319 877 4363 nec
891 4299 992 4364 corda
1007 4300 1175 4370 doloribus
1193 4323 1281 4390 urge,
