2888 5018
458 413 570 468 aneis
595 414 805 471 orrannum
1151 406 1204 492 57

44 579 288 646 vinculatorum
310 577 478 644 amissione
501 595 744 669 conquerentes,
765 583 886 649 viarum
911 585 1026 664 exitus,
1043 594 1080 651 ut
1095 600 1127 655 et
1142 589 1203 677 ipsi

43 668 199 746 vidimus,
223 667 429 744 obsederunt,
456 669 559 732 minus
575 694 671 756 quam
693 671 830 736 decebat
844 673 915 758 paci
935 675 1090 761 Martyris
1114 678 1202 745 defe-

45 770 173 836 rentes,
191 769 226 820 ut
243 769 276 820 et
292 779 347 819 eos
363 770 524 839 caperent,
538 757 564 820 si
587 759 670 822 forte
687 759 745 823 sibi
761 761 837 844 fugai
859 763 1026 826 consulere
1043 764 1202 830 decrevis-

47 858 138 910 sent.
186 846 250 911 Sed
282 844 357 931 quia
383 866 447 906 non
471 858 521 908 est
543 846 709 910 consilium
736 857 848 911 contra
875 849 1062 929 Dominum,
1091 877 1203 920 omnes

49 947 155 999 noctu
183 935 330 998 exierunt
355 955 434 994 unus
457 945 531 1018 post
546 934 703 1012 alium,et
726 959 791 999 non
809 950 876 1000 erat
892 939 947 1024 qui
969 957 1200 1023 cognosceret3

50 1035 85 1089 et
112 1022 260 1087 abierunt
276 1020 355 1084 alius
371 1019 404 1083 in
422 1020 528 1084 villam
553 1045 652 1100 suam,
671 1023 750 1086 alius
775 1025 816 1088 ad
832 1025 1084 1112 negotiationem
1101 1052 1203 1094 suam.

55 1113 137 1186 Quo
160 1123 328 1194 conperto,
353 1108 432 1192 regii
455 1110 605 1173 satellites
622 1124 655 1173 et
678 1112 811 1175 ministri
834 1113 1048 1198 percutientes
1072 1132 1205 1201 pectora

52 1222 114 1264 sua
129 1198 384 1263 revertebantur.
435 1196 511 1260 Hoc
527 1213 560 1260 et
583 1197 642 1282 ipsi
659 1201 830 1284 ascripsere
854 1200 1018 1279 miraculo,
1036 1216 1069 1267 et
1088 1204 1202 1269 dantes

51 1289 214 1352 honorem
228 1286 314 1362 Deo,
326 1283 516 1372 veniamque
538 1309 597 1369 pro
609 1285 697 1349 illata
706 1289 777 1372 paci
791 1287 943 1371 Martyris
967 1290 1082 1372 injuria
1093 1305 1204 1375 postu-

52 1377 168 1451 lantes,
196 1396 306 1437 omnes
330 1372 371 1435 ad
392 1372 522 1456 propria
538 1388 728 1440 remearunt.
778 1376 861 1438 Sunt
889 1388 997 1440 autem
1014 1378 1116 1441 multa
1132 1401 1204 1465 quae

53 1463 231 1549 plurimum
248 1459 337 1524 nobis
354 1475 526 1544 operantur
549 1461 590 1523 ad
607 1461 804 1538 miraculum,
823 1461 898 1548 quia
913 1464 1072 1547 probabili
1089 1468 1205 1531 verita-

55 1552 98 1617 tis
115 1562 305 1633 argumento
326 1547 482 1624 nituntur,
500 1561 536 1610 ut
552 1548 671 1613 scilicet
694 1562 794 1612 status
811 1550 963 1634 temporis
980 1565 1012 1616 et
1035 1552 1113 1618 situs
1130 1555 1203 1630 loci,

55 1639 229 1703 difficultas
239 1635 371 1712 itineris,
385 1635 461 1699 ferri
472 1636 611 1719 pondus,
625 1636 711 1700 celer
721 1638 853 1701 effectus
864 1640 998 1721 negotii,
1015 1663 1088 1726 quae
1098 1642 1208 1706 omnia

56 1727 83 1791 si
100 1726 212 1791 divino
237 1725 411 1788 caruissent
427 1723 557 1800 auxilio,
574 1747 625 1788 res
649 1725 829 1789 nullatenus
846 1725 943 1790 talem
966 1730 1088 1792 exitum
1105 1754 1207 1796 mere·

56 1829 159 1880 retur.
206 1814 285 1877 Erat
308 1811 392 1876 enim
423 1825 550 1896 tempus
575 1812 719 1877 autumni
750 1813 921 1898 placidum,
948 1818 1092 1903 aerisque
1115 1831 1207 1902 grata

57 1903 240 1987 temperies,
258 1914 291 1964 et
307 1900 391 1963 lunae
407 1899 559 1987 splendor
574 1901 700 1978 nimius
718 1903 921 1987 agebantque
937 1904 1065 1988 plurimi
1082 1905 1206 1992 vigilias

57 1993 163 2056 noctis
179 2012 277 2075 super
291 1988 400 2072 fruges
416 2011 507 2063 snas;
531 1991 665 2052 carceris
681 1988 769 2053 locus
782 1989 814 2051 in
831 1988 1001 2054 eminentia
1018 1990 1100 2054 villae
1117 1992 1206 2069 situs,

57 2102 117 2144 sex
139 2078 160 2142 a
176 2075 404 2163 Tynemudthb
428 2076 549 2140 distans
562 2076 712 2154 millibus,
730 2079 816 2140 vicus
833 2098 897 2161 quo
913 2078 1090 2142 tendebant
1106 2079 1125 2142 a
1140 2101 1208 2143 car-

58 2189 133 2234 cere
150 2166 234 2231 saxis
262 2163 512 2250 prominentibus
536 2179 568 2228 et
583 2177 745 2248 petrarum
768 2163 909 2249 inequali
924 2164 1080 2231 densitate
1096 2166 1211 2230 confu-

59 2279 125 2333 suS,
142 2253 264 2318 debiles
278 2252 373 2317 etiam
390 2252 450 2336 ipsi
465 2252 644 2336 gradientes
660 2265 694 2316 et
709 2254 819 2317 ferreis
829 2253 935 2316 onusti
948 2254 1091 2330 vinculis,
1103 2255 1208 2319 exitus

59 2345 146 2410 villae
162 2342 181 2406 a
195 2355 288 2428 parte
307 2341 362 2404 illa
378 2342 607 2426 circumseptus
620 2341 760 2428 undique
773 2341 922 2405 domibus
935 2341 1126 2408 incolarum!
1165 2343 1210 2408 Et

60 2447 170 2498 tamen
186 2433 218 2494 in
234 2430 283 2493 his
299 2430 445 2492 omnibus
468 2451 528 2492 nec
545 2431 691 2493 visisunt
707 2429 865 2517 aliquibus
882 2453 941 2494 nec
958 2431 1077 2509 auditi3
1102 2432 1159 2496 sed
1175 2444 1209 2495 et

59 2520 149 2609 quod
165 2518 252 2584 dictu
264 2517 378 2582 mirum
392 2529 450 2594 est,
469 2539 526 2581 nee
543 2541 614 2581 cum
633 2518 713 2582 tanti
729 2532 835 2584 essent
858 2519 969 2582 saltem
986 2519 1147 2584 acanibus
1163 2520 1211 2583 in-

59 2607 171 2685 secuti,
186 2621 222 2671 ut
237 2606 346 2692 aperte
369 2608 500 2671 daretur
516 2606 661 2690 intelligi,
680 2608 766 2693 quod
783 2607 899 2670 ductor
911 2629 1021 2670 eorum
1036 2608 1208 2684 Dominus,

60 2698 104 2763 ad
117 2697 247 2761 laudern
262 2696 311 2758 sui
329 2692 482 2780 Martyris
499 2695 711 2758 absconderet
721 2719 776 2759 eos
792 2695 823 2756 in
839 2694 1029 2757 abscondito
1040 2694 1133 2757 faciei
1143 2716 1210 2756 suae

61 2784 355 2860 &conturbatione
387 2804 447 2846 nec
474 2783 577 2845 solum
602 2783 770 2846 hominum
800 2780 856 2844 sed
881 2783 978 2844 etiam
1004 2780 1209 2855 animalium3

62 2876 206 2961 sciatque
221 2873 387 2961 generatio
410 2871 510 2934 altera
525 2870 600 2957 quia
614 2870 681 2953 ipse
705 2883 752 2933 est
770 2869 860 2932 Deus
877 2867 961 2930 solus
977 2868 1097 2932 faciens
1112 2867 1212 2931 mira·

63 2961 149 3039 bilia,
171 2961 226 3047 qui
252 2963 387 3026 Sanctos
413 2982 488 3022 suos
519 2958 706 3038 mirabiliter
729 2957 762 3019 in
781 2955 845 3019 vitai
871 2954 1052 3037 glorificat3
1077 2968 1110 3021 et
1136 2963 1211 3046 post

63 3051 233 3116 transitum
250 3051 363 3126 carnis,
381 3046 425 3110 sie
442 3070 496 3110 eos
512 3045 619 3111 vivere
635 3044 793 3110 miraculis
810 3045 990 3113 innotescit.

67 3317 166 3384 CAP.
192 3313 421 3378 XLIIL-De
444 3314 569 3375 muliere
598 3312 754 3375 contr-nnn
773 3331 833 3392 per
853 3313 1103 3394 quinquennium,
1129 3317 1157 3373 et
1180 3314 1214 3374 in

194 3404 361 3487 praesentiri
374 3403 482 3465 Sancti
498 3398 656 3481 Martyris
663 3421 723 3480 per
737 3402 802 3482 ejus
813 3403 924 3462 merita
939 3401 1081 3464 liberato.

112 3580 189 3647 Fuit
204 3579 236 3643 in
260 3577 334 3640 villa
349 3577 390 3640 de
407 3574 637 3661 Tynemudthb
649 3573 760 3638 mulier
776 3573 937 3662 quaedam,
963 3572 1055 3638 Aldit
1072 3578 1213 3656 nomine,

67 3693 125 3757 per
137 3667 324 3734 continuum
342 3665 439 3728 ferme
455 3662 705 3750 quinquennium
724 3662 796 3726 totis
811 3674 978 3726 contracta
993 3664 1096 3726 nervis
1110 3689 1119 3741 3
1143 3690 1216 3753 quae

67 3761 156 3825 lecto
171 3756 378 3827 decumbens,
391 3752 510 3838 pedum
522 3749 645 3835 penitus
656 3752 785 3814 carebat
801 3748 923 3813 officio:
941 3763 973 3812 et
989 3751 1021 3814 in
1032 3753 1216 3816 infirmitate

68 3846 184 3933 posita,
203 3843 266 3907 Dei
277 3841 399 3928 jugiter
412 3856 445 3904 et
465 3839 572 3903 Sancti
599 3838 753 3923 Martyris
774 3837 895 3902 Oswini
919 3840 1102 3922 postulabat
1126 3839 1217 3904 auxi-

68 3935 158 4001 lium.
208 3932 294 3996 Haec
319 3928 371 3992 die
387 3929 523 4015 quadam
541 3927 583 3990 ob
607 3948 712 3989 rernm
729 3926 871 4012 inopiam
888 3941 921 3990 et
944 3927 1056 4005 victus,
1071 3930 1101 3990 in
1119 3952 1152 3991 se
1168 3951 1219 3990 re-

69 4046 163 4087 versa
184 4021 225 4083 de
244 4017 353 4084 Sancti
374 4038 568 4101 praesumens
594 4016 724 4090 meritis,
753 4031 785 4080 et
810 4016 958 4080 morbum
982 4016 1079 4078 animi
1102 4017 1219 4078 virtute

70 4110 256 4184 devincens,
278 4105 337 4169 sibi
355 4105 414 4190 ipsi
430 4104 613 4167 violentiam
634 4103 760 4180 intulit3
784 4119 817 4168 et
834 4104 946 4168 annisu
964 4127 1029 4190 quo
1045 4101 1148 4186 potuit
1172 4101 1219 4164 iu-

71 4203 150 4263 nixa
160 4196 289 4272 baculo,
306 4217 419 4280 repere
429 4194 536 4277 potius
546 4214 642 4279 quam
654 4192 804 4256 incedere
817 4193 998 4258 videbatur.
1047 4189 1164 4273 Sicque
1176 4189 1219 4253 ad

76 4284 187 4351 Sancti
204 4281 361 4368 Martyris
376 4280 560 4366 properavit
576 4279 754 4359 ecclesiam,
768 4280 875 4368 ibique
888 4281 929 4344 de
946 4277 1047 4341 morbi
1064 4275 1221 4342 levamine

73 4371 292 4530 Deioqtatiam
310 4382 342 4434 et
362 4391 459 4456 opem
477 4367 632 4456 Martyris
653 4369 790 4434 lacrimis
806 4383 840 4433 et
867 4365 1014 4453 precibus
1030 4364 1220 4446 inplorabat.

74 4462 130 4540 Qu
199 4479 272 4526 oum
286 4455 482 4545 frequentius
497 4468 618 4547 ageret,
636 4456 771 4546 contigit
794 4457 879 4521 utin
897 4453 980 4520 festo
998 4450 1109 4520 Sancti
1133 4450 1222 4519 Petri

645 4559 668 4604 u
