2888 5018
570 388 807 450 curtinum.

218 850 335 943 [CAP.
351 846 575 938 litt-ntor
596 853 738 916 Boisilus
752 854 812 917 stet
827 855 1002 936 predirerit
1012 852 1141 936 sutura,
1160 865 1190 920 et
1277 903 1279 908 ·

329 940 464 1026 qualiter
471 948 543 1025 post
556 940 644 1005 illum
661 940 842 1005 cutbertus
851 943 1072 1024 predicaverit.

262 1162 341 1228 Dux
355 1162 415 1228 tibi
430 1165 585 1229 virtutum
602 1163 702 1228 Boisil
718 1163 805 1228 canit
815 1186 911 1230 omne
926 1164 1090 1243 futurum3

263 1249 335 1314 Hoc
352 1251 456 1315 solum
473 1252 565 1315 triste
580 1250 640 1315 tibi
655 1253 704 1315 vir
719 1252 914 1336 praenuntiat
929 1253 1000 1330 iste,

185 1385 187 1390 -
259 1337 452 1403 Pontifieale
462 1339 580 1424 jugum
591 1350 623 1403 te
638 1338 836 1425 splendidius
852 1338 1041 1404 subiturum.

259 1426 303 1488 Ut
320 1425 421 1490 Boisil
438 1428 499 1490 rite
516 1425 662 1490 transivit
677 1427 718 1490 ad
734 1428 815 1490 utria
827 1426 912 1505 vitoe,

263 1510 379 1577 Officio
395 1516 476 1579 vetis
490 1515 630 1592 functus,
642 1514 712 1578 zelo
727 1513 857 1599 pietatis

263 1599 387 1664 Suades
403 1615 502 1689 atque
517 1614 624 1678 vetas3
641 1602 786 1687 operaris
801 1599 882 1665 mira
891 1626 901 1676 3
917 1602 1092 1686 prophetes

262 1686 458 1766 Perlustras3
473 1690 631 1767 tenebras,
649 1711 765 1774 supera
779 1689 822 1766 vi,
840 1688 940 1753 corda
953 1702 1120 1774 penetres3

261 1775 329 1840 Ore
345 1799 437 1841 sacro
451 1777 568 1864 pandis
581 1775 653 1841 coeli
665 1790 789 1841 secreta
803 1775 959 1852 beandis3

263 1858 305 1926 Et
321 1887 394 1950 quae
409 1879 538 1931 sanetus
553 1888 642 1930 amas
658 1865 812 1929 discenda
827 1864 1030 1952 tenendaque
1045 1864 1174 1930 clamas.

259 1949 326 2014 Cor
341 1951 448 2032 miehi,
466 1976 587 2040 quaeso,
603 1973 693 2039 para,
711 1975 811 2017 saorae
826 1952 868 2016 sit
882 1947 960 2040 legis
977 1966 1012 2016 ut
1026 1973 1102 2029 αἴας

263 2039 402 2125 Semper
417 2055 453 2105 ut
468 2041 503 2105 id
519 2042 621 2107 discat
637 2063 702 2128 qno
718 2063 845 2127 semper
859 2036 955 2125 eulpa
969 2034 1104 2104 fatiscat.

217 2370 334 2452 [CAP.
359 2366 625 2459 X.]-Quomodo
639 2393 760 2456 euresso
781 2374 818 2438 de
832 2373 925 2448 muri,
940 2370 974 2433 in
989 2391 1048 2454 quo
1057 2391 1187 2453 porroe-

293 2469 423 2540 tooerut,
440 2465 539 2527 moris
553 2462 706 2526 animatio
720 2462 895 2546 obsequium
903 2460 1104 2542 prebuerunt.

260 2659 390 2725 Intrans
406 2659 447 2724 od
460 2659 578 2724 collum
594 2681 651 2744 per
662 2658 765 2724 noetis
781 2676 927 2743 tempora
941 2670 1088 2743 pontum,

263 2746 387 2811 Reddis
402 2760 479 2812 vota
492 2769 627 2834 precum
642 2768 800 2811 summurn
815 2746 1019 2831 penetrantia
1034 2745 1151 2809 coelum
1164 2770 1174 2822 3

261 2835 290 2900 E
314 2854 467 2923 ressoque
482 2837 561 2900 mari
576 2835 671 2899 maris
687 2832 848 2920 indigenae
864 2830 1009 2896 famulari

304 2944 349 2987 ox
365 2920 425 2987 tibi
439 2936 599 2988 venerunt
612 2944 621 2999 3
687 2921 780 2987 dibus
795 2932 904 2985 stratae
914 2921 1098 3005 jacuerunt,

265 3008 409 3075 Fletibus
425 3022 459 3076 et
472 3011 555 3075 villis
569 3032 645 3076 recu
660 3034 693 3074 es
709 3009 856 3095 perfotus
871 3008 912 3073 ab
927 3004 1000 3072 illis.

261 3096 324 3161 His
339 3099 429 3175 actis,
446 3099 560 3163 lutreae
575 3099 693 3185 patrias
706 3098 766 3163 sub
782 3120 881 3185 aquas
896 3095 1033 3164 rediere.

262 3184 420 3262 Fratrem,
437 3187 493 3274 qui
506 3186 595 3265 vidit,
611 3187 812 3275 languorque
826 3207 992 3271 pavorque
1007 3184 1142 3250 cecidit:

261 3273 326 3338 Sed
341 3274 440 3340 virtus
455 3288 546 3340 sanet
560 3288 615 3339 tua
627 3277 679 3339 cui
693 3273 877 3339 benedictio
892 3286 1011 3337 manat.

263 3361 385 3425 Christi
400 3363 547 3441 servitor,
563 3362 719 3427 virtutum
734 3385 851 3451 magne
867 3360 995 3447 petitor,

261 3447 327 3513 Fac
342 3451 376 3513 in
392 3472 410 3513 a
435 3451 483 3514 uis
499 3451 575 3515 secli
591 3473 642 3514 me
658 3472 805 3537 quaerere
819 3450 938 3535 gaudia
953 3446 1048 3524 eoeli;

261 3535 390 3624 Perque
406 3473 470 3602 ὅθί
486 3537 607 3604 cultum
623 3538 738 3603 mundi
754 3559 906 3622 superare
922 3535 1103 3601 tumultum.

221 3874 341 3964 [CAP.
362 3875 635 3958 XL]-Quatiter
657 3885 829 3958 tempestate
844 3876 1007 3957 praetores
1021 3877 1104 3941 eibm
1113 3896 1186 3958 pre-

291 3966 375 4029 cibus
389 3966 581 4048 impetiverat,
596 3974 626 4028 et
638 3985 775 4030 euenum
785 3964 1117 4046 predteeritfutumem.

263 4182 411 4275 AEquore
425 4186 604 4274 preolusus,
621 4188 753 4274 dapium
768 4208 841 4252 eum
856 4187 960 4252 defuit
975 4207 1060 4262 usus,

264 4274 319 4340 Tu
333 4275 482 4378 precibus
497 4274 615 4343 sanctis
630 4298 724 4343 aures
738 4276 897 4363 pulsando
912 4273 1052 4339 tonantis

263 4363 393 4454 Aeupis
408 4363 451 4430 ad
465 4375 578 4431 votum
592 4364 712 4433 solacia
725 4365 816 4456 larga
826 4363 989 4430 oiborumt
