2888 5018
195 372 219 437 4
643 383 901 432 vrrs—ostrum

194 569 307 613 narum
323 544 545 621 exuberantia,
563 557 599 608 ut
616 545 744 622 assolet,
762 545 902 610 animum
923 546 990 629 ejus
1007 545 1203 608 abstractum
1220 543 1336 609 illexit
1351 569 1364 620 3

197 638 274 721 quia
288 633 407 697 divitiis
426 632 630 697 affluentibus
646 655 701 695 cor
716 657 781 697 non
804 656 979 719 apponens,
997 654 1090 696 usum
1105 655 1147 695 ex
1163 631 1209 696 eis
1226 655 1366 716 semper

200 721 358 808 quaesivit,
376 743 440 784 non
464 721 574 783 luxum
598 720 631 782 in
645 720 701 785 eis.
750 723 898 807 Cumque
917 724 1014 806 justae
1037 719 1117 802 legis
1132 720 1363 784 moderamine

200 812 357 894 subjectas
371 823 498 890 regeret
512 808 631 892 plebea,
642 808 713 892 ipse
731 809 902 872 Dominica
914 810 985 891 lege
1001 807 1070 891 regi
1086 821 1119 870 et
1135 808 1254 871 erudiri
1267 806 1361 870 omni

203 896 416 959 sollicitudine
432 896 594 958 studebat.
642 896 792 959 Terrenis
809 918 945 981 namque
961 896 1057 959 rebus
1073 895 1115 958 ad
1134 908 1246 958 votum
1262 894 1360 957 afflu-

205 1006 271 1059 ens,
289 983 346 1046 sed
362 1004 417 1046 cor
433 1005 496 1045 non
513 1004 687 1066 apponens,
705 982 817 1046 eadem
834 1006 868 1047 se
889 981 1076 1045 humilitatis
1093 981 1175 1045 linea
1191 981 1362 1044 modifica-

205 1072 261 1134 bat
272 1071 340 1154 jam
355 1070 385 1131 in
401 1091 537 1152 regnum
550 1069 749 1146 sublimatuS,
764 1071 827 1156 qud
842 1082 1052 1133 consueverat
1068 1069 1166 1133 exilio
1178 1069 1361 1151 relegatus3

207 1171 241 1221 et
256 1157 473 1221 conditionem
490 1171 612 1219 uaturae
628 1155 773 1235 similem,
788 1173 821 1222 et
836 1157 916 1240 regii
932 1156 1050 1239 gradfis
1066 1155 1250 1219 dissimilem
1274 1177 1361 1217 sem-

207 1268 264 1329 per
279 1244 462 1320 attendens,
480 1241 640 1306 hominem
656 1267 690 1307 se
706 1245 885 1307 lrominibus
902 1243 994 1307 bonis
1010 1264 1047 1306 ac
1062 1243 1229 1319 modestis,
1245 1264 1362 1324 regem

207 1330 284 1396 verb
307 1331 381 1394 feris
404 1354 441 1394 ac
464 1331 637 1407 indomitis,
656 1331 688 1393 in
710 1333 865 1419 regimine
881 1331 1074 1410 exhibebat3
1092 1343 1125 1394 et
1148 1329 1273 1392 illorum
1289 1351 1364 1392 mo-

207 1418 343 1483 destiam
359 1418 493 1501 praeibat
505 1417 671 1495 modestia,
686 1419 842 1482 ethorum
856 1419 1016 1482 feritatem
1029 1417 1156 1481 feritate
1171 1416 1359 1500 premebat;

209 1518 306 1590 atque
319 1505 360 1566 ad
376 1504 484 1566 omnia
495 1505 666 1587 spiritualis
682 1505 829 1568 exercitii
845 1505 941 1569 studii
957 1527 991 1568 se
1004 1506 1203 1588 accingebat,
1217 1503 1274 1566 sed
1290 1503 1362 1587 opi-

208 1591 269 1654 bus
281 1590 507 1653 misericordiae
520 1589 702 1672 diligentius
715 1614 748 1654 se
761 1605 865 1655 totum
875 1593 1073 1656 effundebat.
1108 1591 1138 1655 Ο
1150 1590 1281 1675 plenum
1291 1590 1363 1674 pie·

212 1688 279 1741 tate
290 1676 407 1740 virum!
420 1675 601 1740 diademate
613 1676 760 1764 dignuml
784 1679 833 1741 Eo
843 1692 987 1762 tempore
999 1677 1361 1764 Nordthanymbrorum

211 1763 406 1848 provinciam
418 1765 494 1827 cura
505 1763 655 1846 pastorali
671 1765 804 1847 regebat
819 1764 1019 1828 beatissimus
1039 1765 1180 1828 Aidanus
1190 1764 1337 1848 pontifex
1349 1790 1360 1839 ς

213 1874 310 1938 quem
331 1851 478 1914 Scottum
493 1872 622 1934 genere,
640 1850 705 1914 fide
721 1851 924 1929 catholicum,
946 1852 1080 1915 Sanctus
1099 1852 1172 1916 Rex
1192 1851 1362 1915 Oswaldus

214 1939 246 2001 in
270 1937 469 2023 pontificium
484 1937 711 2015 sullimaverat,
729 1941 861 2026 ejusque
876 1935 1116 2025 praedieatione,
1134 1939 1242 2002 divina
1256 1937 1362 2021 gratia

216 2039 345 2110 gentem
362 2047 425 2088 non
449 2025 607 2088 modicam
624 2024 666 2089 ad
692 2026 787 2090 Cristi
803 2027 901 2091 fidem
916 2040 1130 2091 converterat.
1177 2025 1286 2109 Hujus
1303 2026 1364 2088 viri

213 2111 402 2176 sanctissimi
417 2135 459 2175 ex
478 2112 711 2177 consuetudine
731 2114 870 2177 officium
886 2125 964 2190 erat,
981 2114 1108 2197 plebem
1132 2112 1191 2176 sibi
1213 2113 1362 2183 commis-

170 2226 171 2229 *
215 2221 281 2263 sam
298 2221 363 2261 non
383 2199 485 2261 solum
508 2198 541 2261 in
556 2199 690 2262 ecclesia
713 2200 840 2278 docere,
858 2201 914 2264 sed
937 2203 1034 2263 etiam
1057 2213 1187 2284 propter
1202 2199 1362 2263 nascentis

215 2286 292 2349 fidei
311 2285 558 2348 teneritudinem
574 2285 768 2370 provinciam
781 2287 1009 2350 circumeundo
1025 2287 1167 2351 fidelium
1184 2287 1296 2351 domos
1312 2285 1361 2349 in-

215 2389 312 2448 trare,
341 2371 495 2456 verbique
525 2373 624 2435 divini
651 2373 770 2437 semina
793 2397 852 2459 pro
882 2389 978 2458 captu
1005 2375 1201 2458 singulorum
1227 2373 1267 2436 in'
1282 2395 1361 2456 agro

216 2459 321 2524 cordis
337 2481 448 2522 eorum
464 2458 607 2522 cominirs
626 2482 787 2543 spargere.
835 2461 898 2526 Hic
921 2461 1028 2547 itaque
1045 2476 1144 2525 tantae
1164 2461 1195 2523 in
1215 2459 1362 2524 commis-

210 2569 288 2612 ·sum
303 2546 362 2611 sibi
377 2568 508 2630 gregem
525 2546 744 2612 sollicitudinis
760 2549 808 2612 vir
823 2549 864 2613 ad
884 2551 1035 2613 Sanctum
1053 2549 1235 2634 Deyrorum
1252 2569 1362 2630 regem

220 2634 385 2699 Oswinum
401 2636 443 2699 ob
462 2634 624 2722 religionis
640 2635 708 2720 ejus
731 2636 937 2720 fragrantiam
954 2637 1061 2700 venire
1085 2635 1210 2720 saepius,
1228 2648 1261 2698 et
1276 2634 1364 2718 apud

214 2745 291 2787 eum
306 2744 447 2799 manere,
465 2722 649 2798 consuerit3
672 2722 841 2810 ipsumque
857 2724 996 2788 inbonis
1012 2723 1134 2788 actibus
1157 2743 1363 2806 perseveran-

216 2822 294 2886 tem,
312 2810 354 2873 ad
368 2809 501 2874 meliora
516 2823 549 2873 et
568 2809 773 2893 perfectionis
788 2811 947 2876 ulterioris
963 2833 1087 2874 summa
1108 2810 1265 2894 proficere
1280 2830 1363 2872 sem-

216 2919 275 2981 per
302 2895 517 2971 commonuit3
548 2911 581 2960 et
605 2896 681 2982 quia
709 2920 767 2982 per
790 2899 978 2985 martyrium
1005 2898 1047 2961 ad
1070 2898 1199 2960 caeleste
1225 2918 1362 2979 regnum

217 2983 406 3047 transiturus
419 2997 513 3058 esset,
530 2983 647 3066 Spiritu
665 2985 783 3049 Sancto
796 2986 929 3050 edoctus
941 2985 1147 3070 praedicebat.
1197 2983 1362 3069 Siquidem

215 3091 275 3134 rex
291 3070 379 3132 illum
397 3082 431 3132 ut
447 3068 550 3131 virum
565 3085 709 3134 sanctum
725 3073 909 3158 suscipiens,
923 3073 1020 3136 verba
1035 3072 1110 3136 vitae
1133 3070 1361 3156 praedicantem

217 3157 388 3241 diligenter
399 3156 572 3232 audiebat,
587 3172 619 3221 et
629 3171 665 3221 ut
677 3160 881 3224 dilectissimo
894 3159 976 3244 patri
991 3156 1041 3242 pie
1052 3159 1208 3235 subditus,
1222 3158 1264 3221 ad
1278 3156 1363 3220 illius

218 3245 281 3307 oris
306 3244 474 3329 imperium
500 3245 598 3308 etiam
624 3245 705 3309 mal&
731 3260 825 3335 gesta
850 3246 1030 3332 siquando
1055 3245 1361 3331 reprehendebatur,

218 3331 380 3415 corrigere
396 3332 573 3421 satagebat.
622 3333 799 3419 Episcopus
816 3333 890 3397 verb
905 3333 991 3417 regis
1005 3333 1186 3397 humilitate
1203 3345 1236 3395 et
1251 3330 1364 3395 obedi·

217 3418 304 3482 entia
329 3419 460 3482 nimium
487 3419 727 3498 delectabatur3
758 3437 791 3486 et
820 3444 894 3485 cum
919 3420 975 3484 illo
1001 3444 1086 3505 saepe
1110 3421 1151 3484 de
1176 3431 1363 3502 contemptu

217 3505 340 3582 muudi,
355 3506 396 3569 de
412 3506 547 3571 caelestis
564 3506 639 3571 vitae
655 3509 835 3586 dulcedine,
853 3508 895 3573 de
910 3508 1012 3592 gloria
1031 3509 1232 3584 Sanctorum,
1248 3505 1364 3569 famili·

216 3596 317 3658 ariter
332 3595 616 3659 sermocinabatur.
665 3596 737 3660 Rex
754 3609 862 3660 autem
878 3595 968 3660 verbi
985 3595 1050 3659 Dei
1064 3614 1265 3678 nequaquam
1281 3592 1363 3656 obli-

216 3680 322 3744 viosus
338 3680 477 3759 auditor,
494 3683 552 3746 sed
575 3683 734 3746 studiosus
750 3697 900 3767 operator
918 3683 1062 3757 effectus,
1084 3679 1259 3743 secundum
1275 3680 1360 3778 quod

215 3769 235 3834 ri
263 3770 350 3833 bono
380 3769 532 3853 magistro
562 3769 728 3848 didicerat,
760 3769 900 3833 omnium
931 3789 1040 3830 curam
1066 3765 1200 3849 paterna
1229 3779 1363 3830 caritate

214 3879 342 3941 gerens,
368 3879 524 3941 pauperes
555 3870 589 3919 et
617 3853 755 3919 maxime
785 3853 970 3939 peregrinos
999 3849 1138 3936 benigne
1168 3852 1363 3936 recipiebat3

214 3944 393 4008 esurientes
415 3945 513 4020 alens,
529 3942 633 4006 nudos
645 3941 793 4018 vestiens,
811 3953 844 4005 et
860 3937 1006 4003 omnibus
1022 3942 1088 4025 ejus
1111 3940 1270 4004 beneficia
1290 3963 1364 4026 pos-

215 4032 391 4095 tulantibus
418 4029 561 4094 hilariter
584 4027 782 4110 impendens.
830 4027 992 4112 Factaque
1016 4039 1064 4090 est
1087 4026 1170 4092 inter
1193 4052 1249 4092 eos
1273 4041 1363 4093 tanta

213 4133 335 4182 mutuae
358 4118 499 4182 caritatis
522 4112 755 4190 confederatio,
772 4130 809 4177 ut
832 4114 904 4177 Rex
921 4127 1064 4177 sanctum
1081 4117 1252 4199 praesulem
1270 4116 1361 4202 quasi

215 4205 280 4272 Dei
296 4207 448 4288 angelum
463 4202 615 4264 haberet:
632 4198 765 4283 ejusque
780 4200 908 4263 monitis
925 4215 1076 4286 tanquam
1092 4202 1215 4267 caelitus
1231 4203 1363 4266 manda·
1379 4233 1381 4237 ’

213 4291 253 4354 tis
269 4293 517 4374 obtemperaret.
566 4284 719 4350 Pontifex
734 4309 811 4351 vero
838 4288 964 4373 Regem
984 4302 1139 4376 tanquam
1161 4289 1277 4354 animae
1292 4289 1362 4373 ejus

211 4376 392 4462 portionem
409 4372 580 4463 diligeret3
603 4385 636 4436 et
653 4394 748 4452 nunc,
766 4375 793 4438 si
807 4375 884 4463 qqid
908 4376 941 4440 in
957 4378 1052 4442 rebus
1068 4377 1177 4446 saeculi
1194 4390 1229 4441 ut
1244 4377 1362 4441 assolet
