2888 5018
681 390 776 442 VITA
803 389 944 441 SANCTI

365 558 444 622 Post
460 577 547 619 mare
562 553 725 640 placatum
740 553 824 617 redit
839 553 881 616 ad
897 563 930 616 te
945 551 1059 615 concio
1073 551 1229 621 fratrum:

365 645 416 709 Te
431 641 526 706 nimis
542 640 705 720 afflictu-m,
723 640 780 705 sed
792 641 918 703 nullum
933 661 1060 703 sumere
1077 639 1196 707 victum

365 732 431 797 Per
440 730 533 817 spatii
546 742 674 793 tantam
686 727 831 816 queritur
843 726 903 792 tibi
917 727 1014 791 fletus
1026 743 1204 795 amantum.

365 819 452 883 Tum
468 817 526 883 tibi
540 817 690 883 substrati
705 829 854 899 retegens
871 828 1046 879 stramenta
1060 816 1196 900 grabati,

365 906 516 993 Quinque
531 906 662 992 quidem
677 924 782 990 caepas
797 903 982 979 ostendens,
999 903 1069 966 haec
1085 904 1247 972 referebas
1265 930 1274 971 r

369 1003 390 1037 ⁶⁶
408 993 473 1057 Hic
489 992 589 1070 cibus,
602 992 653 1056 hic
669 1005 776 1077 potus,
794 1012 863 1054 sum
879 1003 1012 1078 gustans
1026 990 1089 1055 ista
1103 993 1236 1075 refotus,

366 1092 389 1125 ⁶⁶
407 1082 491 1146 Cum
507 1081 576 1145 sitis
588 1079 726 1156 arderet,
744 1079 800 1143 sed
816 1091 849 1142 et
862 1102 898 1142 os
922 1077 1060 1143 sitiendo
1074 1079 1207 1164 rigeret,

365 1178 388 1213 ⁶⁶
406 1168 620 1234 Corrodcndo
635 1188 748 1253 parurn
764 1189 859 1231 succo
874 1167 1042 1230 recreabar
1056 1168 1098 1232 ab
1114 1168 1242 1235 harum.

367 1267 388 1300 ‘⁶
403 1257 471 1322 Vos
488 1257 598 1321 dulces
613 1256 691 1333 nati,
708 1255 822 1320 fratres
837 1257 871 1317 in
886 1276 995 1318 amore
1011 1255 1151 1340 probati,

365 1356 386 1389 ⁶‘
404 1345 455 1408 Re
471 1344 569 1409 modo
584 1345 738 1430 perfecta,
756 1355 929 1429 properate
944 1341 1084 1407 revisere
1099 1355 1204 1421 tecta3

365 1443 386 1475 “
406 1433 513 1496 Oretis
530 1454 590 1517 pro
606 1455 667 1508 me,
684 1433 837 1516 quoniam
847 1432 916 1514 jam
926 1429 1060 1516 jamque
1076 1431 1144 1495 scio
1160 1454 1213 1496 me

365 1531 387 1561 “
406 1520 552 1604 Corpore
568 1518 768 1596 solvendum,
782 1540 875 1602 spero
890 1539 985 1601 snper
1000 1529 1088 1581 astra
1102 1520 1286 1586 ferendum.

365 1616 387 1649 ‘⁶
405 1606 496 1670 Hinc
509 1605 541 1668 in
556 1606 627 1669 luce
645 1606 709 1669 Dei
723 1605 829 1669 lucem
845 1607 1003 1689 superabo
1015 1604 1101 1670 diei:

365 1703 387 1738 ⁶‘
403 1693 471 1758 Hic
486 1692 519 1755 in
534 1716 613 1777 pace
627 1694 714 1756 bona
728 1693 804 1757 vitae
821 1693 959 1757 rutilabo
976 1715 1116 1759 corona:

364 1789 386 1825 ‘⁶
404 1780 502 1844 Hanc
517 1782 590 1867 pius
605 1781 659 1845 ille
674 1780 774 1857 dabit,
792 1781 847 1868 qui
860 1781 940 1845 nulli
951 1781 1042 1864 justa
1056 1783 1208 1867 negabit3

365 1879 386 1913 “
404 1869 479 1933 Rex
495 1871 547 1934 cui
563 1870 692 1947 certavi,
709 1869 863 1956 milesque
878 1869 984 1933 fidelis
1001 1871 1115 1933 amavi.

364 1967 386 2001 ⁶⁶
403 1957 462 2022 Est
477 1979 539 2035 res,
550 1981 571 2021 o
582 1960 661 2035 nati,
678 1981 795 2044 precor
810 1960 893 2021 hanc
909 1957 1074 2022 concedite
1089 1958 1185 2042 patri,

364 2055 385 2088 ‘⁶
403 2046 481 2110 Post
496 2068 624 2110 cursum
640 2048 714 2110 vitae
731 2069 781 2110 me
797 2045 919 2110 scilicet
933 2045 986 2109 hic
998 2045 1147 2130 sepelite:

260 2200 261 2204 ,
366 2143 388 2176 “
406 2134 469 2199 Hic
486 2135 618 2219 sepelite
633 2151 719 2218 peto,
736 2157 801 2218 qua
816 2135 917 2198 mansi
929 2133 1026 2197 corde
1042 2138 1164 2219 quieto,

363 2230 384 2264 ‘⁶
401 2222 477 2298 Qua
492 2220 588 2284 michi
604 2237 826 2306 compunctus,
844 2245 909 2308 qua
926 2220 1057 2286 Christo
1071 2234 1202 2306 pectore
1212 2221 1361 2305 junctuS,

366 2317 387 2350 ‘⁶
407 2308 482 2382 Qua
495 2309 573 2372 flens
589 2310 782 2396 gaudebam,
800 2308 909 2373 sitiens
925 2310 968 2373 ad
982 2309 1102 2396 gaudia
1115 2311 1245 2388 flebam,

363 2404 384 2437 ⁶⁶
404 2395 477 2468 Qua
493 2395 631 2479 psalmos
647 2396 724 2474 dixi,
743 2397 888 2484 coeloque
903 2419 961 2481 per
975 2399 1082 2463 omnia
1097 2398 1164 2461 vixi
1177 2416 1186 2463 ε

363 2490 384 2524 ⁶‘
402 2483 493 2547 Hinc
516 2505 643 2570 quoque
666 2498 740 2568 post
763 2507 894 2549 cursum
912 2489 981 2570 jam
1004 2487 1099 2550 tollar
1113 2485 1156 2551 ad
1170 2485 1298 2550 aethera
1312 2508 1382 2552 sur-

450 2594 544 2647 sum3

365 2669 388 2703 ‘⁶
403 2659 542 2742 Spiritus
558 2659 591 2723 in
604 2660 696 2737 coelo,
713 2682 790 2724 caro
808 2660 913 2726 Farne
928 2665 1071 2750 quiescat
1081 2660 1231 2728 anhelo.''

359 2748 446 2813 Tum
462 2747 576 2813 fratres
589 2763 738 2825 moerent,
754 2762 911 2836 terraeque
927 2751 1051 2816 ruendo
1066 2749 1245 2825 cohaerent,

362 2836 608 2924 Deplorantque
624 2838 698 2901 satis
709 2838 778 2921 jam
793 2839 942 2921 proxima
956 2840 1070 2903 funera
1086 2839 1184 2914 vatis3

362 2925 406 2988 Et
421 2924 653 3024 singultantum
663 2937 792 2988 resonat
806 2946 870 2988 vox
885 2927 947 2989 ista
962 2939 1161 3011 precantum.

362 3023 384 3055 ‘⁶
401 3012 501 3088 Audi,
518 3023 627 3075 sancte
643 3023 746 3096 pater,
764 3013 839 3098 quia
854 3035 913 3076 nos
928 3014 1021 3078 dolor
1036 3013 1179 3097 implicat
1194 3025 1276 3090 ater,

361 3110 383 3143 ‘⁶
400 3100 452 3163 De
469 3111 500 3162 te
511 3121 595 3162 nunc
608 3111 715 3162 certus
728 3122 786 3163 nos
803 3100 888 3177 audi,
907 3114 1026 3179 sancte,
1039 3103 1198 3177 misertus,

361 3198 383 3231 ‘⁶
397 3186 472 3252 Jam
487 3187 585 3250 modo
601 3186 746 3249 transibis
762 3189 818 3272 qui
835 3203 1025 3271 regnaturus
1038 3188 1150 3265 abibis,

362 3286 383 3319 “
400 3275 493 3340 Coelo
508 3273 658 3351 victurus,
677 3273 733 3336 sed
749 3274 841 3338 nobis
856 3277 921 3341 heu
938 3280 1123 3342 moriturus.

361 3374 381 3405 ⁶‘
399 3363 488 3427 Hinc
503 3362 596 3425 simul
613 3383 750 3438 oramus,
768 3386 832 3448 quo
850 3365 1004 3449 respirare
1020 3386 1185 3450 queamuS,

358 3460 380 3492 ‘⁶
397 3451 498 3528 Quod
510 3448 625 3537 linquis
641 3463 744 3527 terrae,
762 3473 821 3514 nos
837 3455 1005 3518 nobiscum
1017 3456 1086 3516 sine
1101 3452 1204 3515 ferre:

361 3549 383 3582 ⁶‘
400 3539 528 3604 Scilicet
543 3540 605 3602 hoc
621 3553 775 3617 sanctum,
790 3541 961 3624 condigne,
979 3561 1095 3625 corpus
1107 3537 1319 3603 humandum.

358 3636 380 3671 ⁶‘
402 3623 484 3691 Haec
499 3649 563 3690 non
580 3627 684 3690 Farne
696 3628 791 3692 decet
806 3628 905 3692 terris
922 3642 958 3692 ut
973 3651 1108 3693 munera
1122 3627 1216 3692 celet.

359 3724 380 3757 ⁶⁶
397 3714 473 3792 Res,
490 3715 599 3799 digne,
617 3715 751 3780 celebris
767 3737 833 3778 non
851 3728 903 3779 est
917 3717 1081 3782 credenda
1096 3716 1245 3781 tenebris.

360 3802 564 3887 Supplicibus
579 3803 697 3868 blande
712 3825 863 3888 responsa
879 3803 987 3882 refers,
1005 3803 1196 3870 venerande.

360 3899 380 3933 ⁶⁶
401 3891 498 3964 Quod
512 3891 618 3975 petitis
636 3892 725 3955 vobis
740 3891 808 3955 fore
821 3913 886 3956 non
899 3915 972 3956 reor
987 3894 1065 3958 utile
1081 3892 1193 3957 vobis:

359 3988 380 4021 ‘⁶
399 3979 452 4043 Ex
467 3979 529 4043 hoc
545 3993 694 4044 venturas
712 3980 800 4044 vobis
817 4002 878 4064 ego
895 3981 1030 4064 praescio
1046 4004 1155 4058 curas3

359 4076 380 4110 ‘⁶
393 4068 479 4132 Nam
488 4071 541 4155 jus
557 4069 724 4145 laedentes,
743 4069 898 4144 scelerati,
913 4067 1032 4155 quique
1043 4081 1206 4144 nocentes,

358 4165 379 4199 ‘⁶
397 4155 532 4245 Raptor,
547 4158 708 4243 perjurus,
724 4157 847 4242 praedo,
860 4156 921 4233 fur,
937 4155 1085 4244 latroque
1101 4158 1200 4224 durus

355 4253 377 4288 ‘⁶
392 4246 516 4336 Effingii
530 4245 642 4311 sedem
656 4244 718 4308 sibi
732 4243 835 4312 nostri
849 4244 993 4329 corporis
1008 4247 1124 4326 uadem,

354 4342 377 4427 ‘⁶
391 4333 433 4402 Id
448 4334 475 4401 si
489 4333 657 4400 vobiscum
671 4332 796 4399 tumulo
810 4332 1007 4421 requieverit
1020 4335 1137 4423 ipsum,
