2888 5018
620 329 812 386 LIBELLUS
838 329 891 386 DE
917 329 1021 386 onw

712 747 810 812 cnr.
829 747 927 835 [rm]

291 970 383 1035 Nulli
405 982 515 1035 tamen
537 969 681 1034 fidelium
704 970 768 1034 hoc
790 970 940 1035 videatur
954 970 1023 1034 fore
1039 967 1301 1047 tenemerarium,
1320 972 1391 1050 [ita]

242 1062 366 1148 justum
381 1058 530 1123 videlicet
546 1057 645 1144 iniqui
660 1057 820 1122 exactoris
837 1058 1007 1123 subeundo
1023 1056 1178 1121 sustinere
1194 1056 1391 1141 supplicium.

249 1148 360 1212 Verax
385 1145 468 1211 enim
492 1146 698 1233 quandoque,
722 1147 799 1211 Deo
823 1145 1024 1231 disponente,
1049 1145 1146 1209 datur
1169 1144 1348 1223 fallacibus,
1365 1159 1394 1210 et

248 1235 336 1321 pium
352 1234 419 1299 sine
432 1234 535 1321 culpa,
549 1248 586 1298 ut
598 1247 764 1321 purgetur,
775 1234 965 1322 plerumque
980 1232 1095 1318 fatigat
1104 1231 1251 1320 iniquus..
1276 1232 1394 1320 Estque

249 1323 311 1389 hoc
328 1324 491 1409 justorum
514 1322 589 1388 satis
612 1322 779 1408 probabile
801 1325 1069 1408 experimentum,
1094 1321 1171 1385 dum
1192 1321 1329 1386 adversa
1343 1342 1394 1406 pa·

251 1411 373 1477 cienter
408 1410 584 1496 suscipiunt
608 1424 640 1475 ot
666 1411 832 1488 sustinent,
858 1423 992 1497 propter
1012 1408 1204 1474 humilitatis
1225 1407 1395 1496 discipula-

249 1511 319 1565 tum
341 1512 374 1563 et
396 1499 459 1584 piae
482 1499 732 1564 conversationis
756 1501 952 1584 exemplum.
1001 1499 1105 1564 Beata
1127 1510 1175 1562 est
1197 1497 1298 1585 igitur
1314 1520 1394 1562 verae

249 1586 399 1675 puritatis
422 1587 617 1664 innocentia,
641 1609 714 1673 quae
734 1586 875 1671 inhujus
894 1586 993 1672 Regis
1009 1586 1075 1651 filia
1089 1585 1229 1672 puritate
1245 1584 1395 1651 effulsisse

249 1673 463 1760 cognoscitur,
487 1696 559 1760 quae
576 1674 716 1738 formosa
731 1673 836 1758 specie
852 1674 933 1738 sicut
950 1687 982 1739 et
994 1697 1150 1759 generosa
1163 1674 1343 1740 dinoscitur
1357 1699 1396 1740 ex

248 1762 362 1827 nobilis
377 1764 535 1849 prosapiae
550 1761 719 1846 dignitate.
761 1762 870 1837 Quam
885 1762 978 1826 multi
989 1763 1020 1828 ei
1032 1763 1250 1829 veneracionis
1263 1763 1394 1848 gloriam

252 1851 460 1929 exhibebant,
486 1852 561 1937 quia
584 1850 757 1915 venustatis
780 1849 920 1937 speciem
936 1862 968 1915 et
983 1852 1046 1937 piae
1062 1852 1178 1916 indolis
1189 1852 1396 1938 juventutem

249 1940 284 2006 in
307 1940 391 2006 illius
417 1939 521 2004 forma
546 1937 771 2024 pulcritudinis
798 1939 960 2024 refulgere
984 1939 1150 2005 videbant.
1197 1940 1252 2020 Et,
1279 1950 1394 2018 tamen,

212 2028 222 2039 ⁶
251 2041 373 2116 quanto
403 2028 594 2115 quibusdam
620 2040 690 2093 erat
719 2029 762 2092 ad
788 2027 967 2093 dilectionis
991 2030 1137 2113 gratiam,
1161 2039 1254 2093 tauto
1285 2028 1396 2094 emulis

249 2117 362 2182 claruit
376 2119 418 2182 ad
433 2117 664 2204 persecutionis
681 2117 844 2184 offensam.
889 2117 988 2182 Unde
1003 2118 1094 2206 virgo
1114 2139 1285 2200 generosa,
1299 2117 1395 2204 impio

238 2239 240 2242 v
246 2207 381 2293 jubente
404 2228 491 2289 rege,
517 2206 549 2268 in
566 2205 752 2270 servitutem
768 2204 935 2289 redigitur.
986 2205 1242 2270 Generositatem
1260 2227 1396 2295 namque

249 2293 333 2357 illius
348 2294 555 2357 convertebat
570 2295 604 2356 in
620 2292 816 2370 servitutem,
833 2293 1084 2378 pulcritudinem
1099 2291 1139 2356 ad
1155 2292 1295 2359 saeviciae
1307 2316 1395 2359 occa-

250 2381 381 2460 sionem,
398 2381 578 2445 libertatem
593 2379 719 2464 generis
735 2381 775 2444 ad
791 2382 1071 2447 subsannatiouem
1086 2393 1118 2446 et
1134 2382 1175 2445 ad
1189 2383 1395 2468 opprobrium

251 2469 392 2534 vilitatis.
440 2469 568 2557 Regina
587 2467 728 2568 'namque
752 2468 848 2553 ipsius
870 2470 1062 2536 famulatum
1084 2469 1182 2555 peciit
1205 2484 1238 2535 et
1254 2471 1395 2557 accepit3

252 2556 308 2622 sed
331 2558 517 2644 obsequium
534 2556 700 2641 dignitatrs
717 2556 905 2623 omnimodo
920 2557 1077 2624 convertit
1091 2559 1133 2622 ad
1156 2559 1395 2645 oppressionem

252 2646 378 2711 miserae
400 2645 572 2711 servitutis.
623 2644 784 2732 Quicquid
802 2649 887 2711 enim
902 2671 962 2734 pro
977 2646 1156 2732 erepcionis
1172 2648 1395 2712 consolacione

250 2736 370 2800 habere
395 2737 508 2801 debuit
530 2746 635 2798 totum
658 2733 808 2818 puellulae
831 2734 1034 2820 dispendium
1057 2735 1272 2821 pervertendo
1288 2737 1396 2822 regina

251 2825 470 2888 commutavit.
518 2823 561 2887 Et
585 2833 690 2885 tamen
713 2821 794 2901 haec,
819 2847 857 2888 ac
880 2822 1066 2902 consimilia,
1084 2846 1158 2887 cum
1173 2839 1291 2910 pacata
1306 2823 1396 2890 susti·

251 2912 322 2976 nuit
330 2911 426 2975 animi
438 2910 613 2997 paciencia,
626 2910 693 2974 sine
706 2912 793 2976 omni
803 2912 971 2975 murmuris
983 2912 1113 2997 querela
1121 2912 1173 2976 vel
1185 2911 1396 2978 desolacionis

251 2999 408 3100 angustia.
454 2999 493 3062 In
516 2997 682 3084 paciencia
704 2999 832 3085 quidem
849 3002 987 3063 animam
1003 3022 1092 3063 suam
1107 3001 1258 3085 possedit,
1276 3015 1310 3066 et
1323 3022 1397 3067 con-

250 3087 339 3152 vicris
361 3086 488 3163 afflicta,
513 3087 562 3150 vel
578 3088 767 3172 obprobriis,
785 3088 893 3152 omnia
907 3087 1118 3174 equanimiter
1134 3102 1165 3153 et
1190 3111 1264 3153 cum
1279 3089 1396 3174 gaudio

252 3176 336 3244 tulit.
385 3173 494 3238 Nichil
521 3174 649 3262 quidem
677 3189 725 3241 est
753 3176 868 3240 animae
891 3176 1051 3239 laboranti
1073 3177 1199 3241 suavius
1221 3177 1395 3263 paciencia,

253 3264 327 3350 quia
354 3285 448 3326 omne
473 3263 559 3350 quod
587 3263 719 3330 sustinet
742 3264 772 3327 ei
787 3263 913 3327 redolet
929 3285 971 3327 ex
986 3263 1113 3329 virtutis
1128 3265 1349 3331 moderamine
1364 3279 1397 3330 et

250 3351 431 3437 prudentia.
495 3352 592 3417 Unde
628 3353 699 3417 haec
724 3351 908 3437 juvencula,
940 3373 1013 3414 cum
1044 3366 1114 3418 estu
1145 3354 1196 3417 vel
1226 3353 1396 3443 frigoribus

252 3439 368 3525 saepius
385 3454 540 3520 ureretur,
556 3454 659 3506 totum
675 3439 780 3526 gratia
796 3438 1008 3505 moderatrice
1024 3442 1187 3518 sustinuit3
1204 3442 1289 3507 utin
1306 3442 1395 3507 dolo-

251 3529 339 3592 ribus
363 3528 488 3594 erudita
510 3555 529 3595 a
553 3530 694 3595 Domino
717 3526 904 3592 familiarius
920 3528 995 3614 eligi
1012 3543 1198 3596 mereretur.
1247 3530 1333 3595 Nam
1350 3544 1396 3596 tot

252 3617 359 3705 flagris
383 3618 432 3683 vel
455 3619 588 3684 miseriis
610 3617 757 3681 lacessita
780 3638 945 3702 nunquam
968 3631 1077 3683 tamen
1099 3618 1260 3707 apristini
1274 3619 1396 3684 decoris

254 3716 338 3771 statu
354 3707 404 3772 vel
418 3705 635 3794 pulcritudine
651 3717 701 3768 est
717 3703 891 3791 aliquando
906 3708 1082 3774 immutata.

723 3993 824 4059 cnr.
844 3995 941 4082 [ra]

298 4223 403 4308 Igitur
417 4215 655 4303 pulchritudine
671 4219 739 4298 ejus
754 4232 788 4283 et
802 4217 907 4303 specie
928 4218 1172 4306 quamplurima,
1190 4219 1263 4286 Rex
1275 4221 1398 4287 illectus

254 4310 416 4397 cupidine,
429 4305 512 4370 illius
526 4304 743 4371 inflammatur
757 4305 927 4372 dulcedine
944 4321 978 4373 et
988 4330 1107 4378 amore.
1148 4308 1236 4373 Nam
1246 4310 1400 4398 quicquid

251 4421 311 4485 pro
333 4395 457 4466 virtutis
479 4393 583 4483 gratia
604 4393 638 4461 in
659 4395 716 4462 illa
735 4394 892 4463 radiando
914 4396 1023 4466 lucere
1045 4396 1212 4486 conspicit,
1236 4411 1341 4466 totum
1356 4399 1399 4466 ad
