2888 5018
224 391 275 457 aa
652 407 761 465 ,uma
790 408 928 456 oswini

229 567 431 652 magnatibus
447 567 521 644 suis,
539 567 580 630 ad
597 567 808 632 ulsciscendas
824 566 951 654 injurias
968 564 985 628 a
1006 566 1124 630 Scottis
1136 567 1195 632 sibi
1211 569 1381 653 irrogatas.

234 654 421 718 Redeuntes
440 676 527 738 ergo,
546 668 676 739 peracto
691 655 734 718 ad
754 670 865 718 votum
885 656 1029 753 negotio,
1047 653 1089 718 ad
1107 653 1237 718 Novum
1255 656 1382 720 Castel-

230 740 309 818 lum,
323 739 547 814 deficientibus
563 740 686 805 cibariis
698 764 772 827 quae
788 741 820 803 in
836 744 965 804 sarcinis
982 741 1044 802 suis
1060 763 1168 804 secum
1183 741 1380 818 detulerant,

231 840 398 910 coeperunt
414 849 520 910 egere.
568 828 674 892 Locus
690 827 808 915 quippe
832 828 884 891 ille
901 841 934 891 et
956 827 1182 912 circumjacens
1205 827 1298 912 regio
1313 827 1382 892 die-

231 914 292 977 bus
307 912 378 990 illis,
392 913 467 999 quia
481 937 554 978 raro
566 914 731 978 colebatur
746 913 939 991 habitatore,
953 913 1096 977 ciborum
1109 913 1235 998 copiam
1250 911 1381 978 minime

232 999 392 1074 lrabebat3
416 1014 450 1063 et
465 1023 576 1085 parum
593 1001 681 1087 quod
704 1001 855 1078 habebat,
880 1001 913 1064 in
935 1000 1084 1085 praesidio
1104 1001 1213 1064 Sancti
1232 1001 1382 1085 Regiset

234 1085 390 1172 Martyris
409 1087 528 1151 Oswini
551 1087 639 1172 apud
663 1087 909 1173 Tynemudham
925 1088 1118 1171 depositum,
1135 1100 1268 1172 propter
1288 1109 1382 1152 exer-

233 1173 315 1236 citlls
330 1172 412 1256 regii
427 1173 572 1238 vitandos
587 1173 729 1238 incursus
745 1174 878 1238 latebat.
914 1174 1016 1237 Porro
1035 1172 1179 1256 Nigellus
1193 1173 1381 1258 praedictus,

233 1258 310 1324 licet
334 1274 418 1324 esset
443 1260 533 1324 miles
559 1273 716 1338 strennua,
745 1281 814 1324 erat
839 1275 946 1325 tamen
970 1259 1114 1344 rapinam
1141 1282 1308 1337 execranS,
1333 1259 1383 1322 vir

233 1345 427 1410 humillimus
443 1360 477 1411 et
501 1347 615 1411 timore
633 1360 744 1411 sancto
760 1348 968 1431 plenissimus.
1016 1345 1249 1410 Deficientibus
1272 1347 1382 1433 itaque

233 1456 307 1532 quae
319 1433 382 1497 emi
394 1449 523 1518 possent
536 1435 610 1498 vitae
621 1433 817 1510 necessariis,
831 1434 999 1518 ingruente
1010 1433 1125 1509 inedia,
1137 1432 1254 1497 invitus
1265 1433 1384 1519 permi-

233 1532 275 1582 sit
291 1542 365 1583 suos
383 1521 630 1606 'l'ynemudham
639 1520 833 1584 descendere
846 1535 882 1584 ut
896 1520 1005 1583 vitalia
1020 1521 1254 1605 perquirerent.
1303 1518 1384 1593 Qui-

234 1606 295 1674 bus
311 1605 365 1668 illo
380 1607 646 1690 pervenientibus,
664 1607 746 1670 servi
764 1607 827 1671 Dei
850 1606 928 1670 inibi
951 1606 1143 1683 habitantes,
1160 1628 1234 1669 cum
1250 1628 1384 1691 corpore

240 1692 350 1755 Sancti
374 1693 529 1778 Martyris
551 1707 769 1770 occurrerunt,
800 1693 833 1756 in
855 1707 958 1777 portae
981 1693 1079 1778 ipsius
1102 1693 1269 1776 angustia3
1292 1694 1384 1757 obse·

235 1790 362 1865 crantes
384 1778 546 1856 humilius,
574 1792 611 1843 ut
634 1781 677 1843 ob
711 1779 819 1843 Sancti
844 1780 1054 1844 reverentiam
1077 1793 1247 1863 parcerent
1274 1778 1384 1844 Sancti

235 1865 396 1950 deposito.
445 1865 523 1930 Erat
545 1881 655 1931 autem
671 1865 800 1952 quidam
827 1867 916 1930 miles
940 1867 1043 1930 dictus
1070 1865 1217 1949 Nigellus
1233 1866 1274 1930 de
1295 1867 1382 1930 Wast

235 1951 269 2017 iu
281 1952 434 2016 comitatu
451 1952 577 2016 illorum
590 1954 644 2041 qui
660 1954 701 2018 ad
716 1953 925 2037 praedandum
935 1953 1180 2030 descenderunt,
1195 1951 1243 2015 vir
1254 1951 1384 2039 quidem

235 2038 416 2117 timoratus
434 2051 466 2103 et
481 2040 637 2125 praedicto
654 2039 785 2124 Nigello
800 2041 841 2103 de
861 2039 1009 2105 Albineio
1024 2041 1222 2125 propinquus
1237 2053 1272 2103 et
1289 2038 1385 2103 caris·

174 2201 176 2204 ¹
234 2125 344 2189 sirnus.
394 2125 459 2199 Qui
483 2127 592 2190 vide-ns
619 2127 728 2190 Sancti
750 2149 864 2210 corpus
887 2127 1010 2203 adesse,
1032 2127 1150 2189 Sancto
1173 2125 1332 2203 deferens,
1348 2138 1384 2190 ut

237 2227 307 2276 erat
322 2212 509 2277 militaribus
519 2213 703 2291 instructus,
718 2213 858 2277 animum
868 2212 1033 2298 praedandi
1045 2211 1250 2296 deposuit‚'et
1265 2235 1384 2301 equum

237 2299 269 2362 in
285 2322 349 2385 quo
364 2300 497 2363 sedebat
521 2300 561 2364 ab
577 2299 709 2363 introitu
734 2314 836 2383 portae
858 2300 995 2364 reflexit.
1043 2299 1260 2386 Tendensque
1273 2321 1383 2363 manus

237 2385 280 2448 ad
291 2387 417 2463 caelum,
432 2387 520 2449 vovit
535 2409 569 2450 se
585 2410 650 2449 non
662 2399 864 2472 gustaturum
873 2386 916 2450 de
928 2386 1100 2471 praedaillt
1115 2384 1191 2448 dum
1208 2386 1344 2450 Sanctus
1353 2385 1383 2449 ei

237 2470 414 2559 ignoceret‚
426 2472 513 2557 quod
528 2473 603 2538 illuc
615 2473 721 2536 animo
731 2473 895 2557 praedandi
909 2473 1056 2537 venisset.
1104 2472 1162 2534 Est
1174 2485 1285 2536 autem
1296 2472 1383 2537 locus

238 2572 345 2624 arctus
364 2573 398 2623 et
421 2559 598 2644 praecipitio
618 2560 842 2623 immanissimo
861 2561 1049 2623 imminens:
1072 2557 1287 2643 praecipitium
1309 2581 1383 2623 vero

237 2645 341 2730 ipsum
368 2669 509 2711 occeano
532 2647 710 2724 imminens,
736 2647 844 2710 multis
869 2663 903 2710 et
926 2646 1049 2709 mannis
1076 2645 1214 2730 scopulis
1241 2646 1382 2730 plenum,

237 2733 336 2799 etiam
352 2733 431 2797 visui
451 2733 591 2798 terribile
607 2751 640 2798 et
658 2734 855 2797 horrendum
874 2750 933 2798 est.
978 2700 1122 2796 llediens
1142 2746 1252 2796 autern
1272 2732 1383 2819 aliquis

236 2820 278 2885 de
294 2821 499 2905 praedonibus
515 2821 555 2885 de
571 2821 643 2885 loco
660 2835 770 2884 sancto
787 2834 936 2884 oneratus
952 2832 1045 2903 raptu
1062 2819 1228 2902 sacrilego,
1246 2833 1279 2884 et
1298 2819 1384 2883 festi-

237 2930 315 2971 nans
327 2907 438 2992 egredi
452 2931 510 2992 per
521 2923 648 2992 portam
660 2908 692 2970 in
704 2908 767 2993 qud
781 2906 927 2991 Nigellus
940 2930 983 2971 ex
996 2920 1175 2969 transverso
1186 2906 1382 2984 substiterat,

237 2993 342 3078 ipsum
357 3017 431 3057 cum
446 3017 529 3078 equo
544 2994 593 3057 sui
610 2994 715 3058 oneris
739 2994 859 3078 impetu
875 2994 1007 3078 impedit
1030 2992 1199 3069 incautum,
1217 3007 1251 3056 et
1274 2993 1385 3078 praeci·

238 3079 353 3165 pitavit
369 3079 589 3143 miserabilius.
635 3080 796 3145 Atteritur
810 3081 931 3164 clipeus
947 3079 1094 3164 scopuliS,
1113 3080 1206 3143 hasta
1220 3080 1383 3164 proicitur,

239 3189 338 3252 eques
361 3168 402 3230 ab
426 3189 510 3252 equo
531 3167 733 3250 disjungitur,
751 3180 784 3230 et
808 3168 920 3231 sabulo
939 3168 1069 3231 tandem
1089 3178 1235 3251 uterquc,
1253 3165 1386 3231 diversis

239 3265 347 3318 tamen
370 3253 403 3317 in
425 3253 515 3328 locis,
534 3253 705 3338 suscipitur
721 3270 753 3317 et
777 3252 938 3338 operitur.'
983 3254 1070 3327 Quid
1092 3252 1212 3338 plura?
1259 3252 1387 3317 Meritis

245 3341 355 3404 Sancti
376 3339 533 3426 Martyris
549 3339 600 3403 cui
619 3340 757 3404 venienti
777 3341 867 3405 miles
884 3341 1009 3417 detulit,
1026 3340 1144 3403 illaesus
1162 3352 1308 3404 servatus
1325 3353 1384 3417 est,

240 3440 275 3491 et
290 3449 386 3513 eques
402 3441 435 3491 et
455 3450 557 3513 equus
572 3427 614 3490 ad
638 3427 746 3491 Sancti
765 3428 911 3511 gloriam.
961 3427 1004 3490 Et
1023 3440 1189 3490 extractus
1205 3426 1246 3490 de
1262 3426 1384 3503 sabulo,

241 3514 367 3582 sublato
391 3537 473 3600 equo
497 3513 674 3599 impositus,
693 3514 848 3578 remeavit
867 3514 908 3578 ad
923 3514 1088 3577 dominum
1104 3513 1292 3589 incolumis3
1315 3535 1387 3577 nar-

240 3625 316 3665 rans
332 3624 405 3673 cum
428 3603 551 3669 summa
572 3601 757 3678 devotione,
774 3624 847 3688 quae
871 3601 903 3663 in
927 3600 997 3685 ipso
1012 3600 1171 3664 mirabilia
1192 3612 1286 3684 gesta
1301 3611 1385 3678 sunt,

239 3687 363 3752 meritis
383 3688 492 3752 Sancti
510 3689 609 3773 Regis
625 3702 659 3752 et
676 3688 831 3774 Martyris
852 3687 983 3751 Oswini.

242 3932 341 4016 CAP.
365 3950 611 4028 X.-Qu0m0u0
631 3960 772 4031 ruptores
784 3955 920 4026 navium,
939 3971 1047 4031 pacem
1070 3951 1136 4032 qur
1150 3944 1308 4025 violentae
1321 3968 1388 4032 qnae

265 4055 267 4059 ’
501 4042 563 4100 vim
577 4041 773 4114 abstulerunt,
789 4040 936 4101 ordmersi
949 4039 1126 4101 retulerunt.

289 4210 434 4294 Contigit
450 4209 620 4296 aliquando
636 4208 763 4274 feritate
783 4211 966 4274 Scottorum
982 4231 1092 4293 regem
1104 4230 1217 4271 eorum
1229 4231 1303 4288 cum
1313 4229 1389 4292 rege

245 4297 422 4380 Anglorum
438 4296 594 4360 Willelmo
609 4297 806 4381 praescripto,
821 4295 1046 4379 cognominato
1065 4295 1175 4372 Flavo,
1193 4294 1388 4371 discordare,

240 4397 276 4447 et
302 4385 342 4448 ab
369 4384 438 4468 ejus
464 4382 682 4448 dominatione
709 4407 742 4448 se
770 4406 923 4469 suamque
948 4397 1081 4466 gentem
1109 4382 1191 4446 velle
1219 4382 1389 4467 surripere.
1427 4445 1429 4450 .
