2888 5018
151 373 199 441 28
583 384 679 440 'vrrs
707 391 844 440 oswnu
916 382 919 391 '

149 550 250 628 dictu,
267 573 335 634 prae
350 551 448 614 nimio
463 551 574 615 dolore
589 551 726 616 multum
740 550 863 614 sudoris
879 571 1029 614 emanans
1044 550 1243 628 extenditur,
1257 563 1311 615 ac»

150 637 304 701 soliditati
320 638 461 722 pristinae
473 640 601 722 recepta
613 638 765 722 sospitate
780 637 969 701 restituitur.
1019 636 1141 701 Oculus
1158 660 1294 723 namque

151 724 278 787 detersa
293 725 427 808 caligine
442 725 649 789 illuminatur.
686 724 805 788 Manias
820 746 948 810 quoque
963 724 1188 802 valitudinem,
1197 724 1293 789 immo

149 810 248 874 totius
265 810 410 875 dexterae
428 811 527 895 partis
540 813 680 896 corporis
696 811 744 874 sui
760 811 930 874 sanitatem
943 811 1059 875 mulier
1080 824 1293 895 promeretur.

152 896 246 961 Flent
261 898 398 962 universi
417 921 485 982 prae
503 900 632 982 gaudio.
680 897 838 982 Praecipui
860 897 905 960 illi
926 898 1070 981 gaudent
1085 910 1120 962 et
1135 898 1292 976 exultant,

151 983 247 1047 vicini
268 985 336 1068 ejus
359 985 480 1048 scilicet
500 998 533 1049 et
556 985 713 1062 concives,
729 984 788 1072 qui
807 1007 880 1048 eam
902 983 1078 1047 diutissime
1101 984 1305 1048 infirmatam>

148 1084 316 1148 noverant,
330 1084 364 1136 et
373 1071 541 1135 infirmatae
556 1072 664 1135 multis
673 1070 706 1134 in
718 1071 958 1135 necessitatibus
970 1072 1197 1136 subvenerant.
1246 1070 1293 1134 Pii

148 1156 279 1244 inquam
306 1158 467 1222 diuturnae
493 1158 709 1237 consolatores
732 1157 935 1235 infirmitatis,
959 1158 1042 1221 fiunt
1064 1157 1172 1221 idonei
1195 1169 1292 1222 testes

148 1258 289 1330 receptae
313 1245 467 1309 sanitatis.
517 1244 605 1319 Quid
627 1246 747 1328 plura?
796 1245 943 1308 Clamare
965 1243 1064 1328 coepit
1086 1245 1236 1328 populus,
1261 1257 1302 1309 et>

150 1331 268 1396 dicere.
316 1342 338 1373 “
352 1330 436 1396 Vere
451 1332 602 1395 mirabilis
627 1332 717 1394 Deus
733 1331 765 1393 in
785 1329 908 1394 Sanctis
925 1330 998 1407 suis,
1015 1331 1090 1395 vere
1110 1331 1246 1395 Sanctus
1261 1331 1292 1393 in
1347 1380 1348 1383 η

150 1418 299 1503 operibus
323 1419 417 1482 suis.'’
466 1419 618 1504 Martyris
641 1418 791 1481 meritum
814 1416 1018 1501 praedicatur,
1049 1417 1129 1481 fides
1152 1417 1291 1482 mulieris

149 1505 360 1568 collaudatur.
398 1504 482 1578 Quae
492 1527 551 1588 per
563 1504 631 1568 dies
646 1519 721 1568 octo
733 1516 858 1567 morata
872 1504 904 1565 in
914 1503 1117 1579 monasterio,
1132 1517 1206 1588 post
1220 1504 1292 1568 red-

150 1590 232 1653 ditas
250 1590 323 1654 Deo
336 1603 369 1654 et
385 1591 505 1654 Sancto
522 1591 660 1689 Martyri
675 1591 804 1674 gratias,
822 1590 987 1654 incolumis
1002 1602 1037 1653 et
1051 1590 1126 1654 laeta
1140 1591 1291 1673 orationis

150 1677 246 1740 causa
257 1676 289 1738 in
310 1676 473 1740 Scothiam
489 1691 648 1760 porrexit3
666 1678 740 1761 jure
756 1677 893 1741 reddens
910 1677 1052 1742 Domino
1067 1690 1189 1755 sanata,
1207 1678 1293 1765 quod

147 1762 309 1827 infirmata
323 1777 467 1828 noverat.

147 2025 252 2089 CAP.
276 2027 332 2089 XI
335 2026 366 2089 V
364 2027 563 2104 .—Quolitcr
577 2007 714 2109 quidam,
735 2025 876 2089 Arkillus
890 2030 1019 2100 nomine,
1036 2027 1074 2088 de
1088 2027 1153 2106 ey'us
1167 2028 1292 2089 eeclesia

236 2115 273 2175 dc
293 2114 503 2192 Tyrremudtlzd
518 2115 557 2175 ab
572 2116 635 2175 olto
644 2116 871 2193 precipitatus,
889 2114 979 2194 iufra
996 2132 1116 2192 paucos
1131 2115 1197 2175 dies
1212 2116 1292 2176 inco·

160 2216 162 2220 “
237 2200 328 2261 tumis
342 2201 386 2261 ad
398 2207 524 2278 coeptum
539 2219 616 2278 opus
630 2202 730 2262 rediit.
1300 2235 1302 2239 ·

197 2368 322 2432 Eodem
337 2391 464 2455 quoque
479 2391 563 2432 anno
578 2369 611 2431 in
628 2368 680 2431 die
695 2368 875 2433 festivitatis
895 2370 1086 2433 Sanctorum
1111 2371 1293 2456 Martyrum

152 2455 303 2520 Mauricii
324 2455 546 2541 sociorumque
562 2455 641 2539 ejus,
658 2454 795 2517 vidimus
817 2456 924 2540 plures
947 2456 1002 2542 qui
1024 2456 1182 2535 affuimuS,
1200 2471 1233 2521 et
1248 2459 1305 2522 vi-=

150 2543 265 2606 dentes
278 2541 447 2620 doluimus,
456 2542 637 2626 operarium
647 2541 806 2628 quendam
813 2543 973 2607 Arkillum
985 2543 1294 2620 nomine,hominem

147 2629 385 2712 corpulentum,
405 2629 447 2693 de
470 2628 620 2692 altissima
642 2629 807 2713 cujusdam
829 2632 928 2714 partis
950 2629 1090 2694 basilicae
1110 2645 1230 2695 nostrae
1252 2631 1302 2696 de

152 2716 384 2803 Tynemudthd
402 2716 540 2780 statione
563 2738 658 2800 super
676 2716 814 2799 grandes
829 2731 863 2781 et
886 2730 996 2781 acutos
1012 2717 1133 2801 lapides
1157 2718 1203 2782 ita
1224 2740 1294 2782 cor-

150 2806 261 2881 ruisse,
279 2816 315 2866 ut
331 2816 363 2868 et
379 2816 475 2887 caput
487 2804 553 2888 ejus
569 2803 779 2886 frangeretur,
796 2826 833 2867 ac
849 2804 929 2888 pen&
945 2816 1016 2867 toto
1031 2826 1166 2888 corpore
1182 2805 1293 2869 colliso

148 2890 314 2975 expirasse
337 2890 510 2954 videretur.
557 2891 705 2976 Cumque
727 2891 770 2954 ad
792 2913 866 2954 eum
883 2891 1089 2969 venissemus,
1111 2903 1145 2954 et
1168 2891 1209 2955 de
1225 2893 1293 2976 ejus

151 2978 255 3041 salute
268 2977 319 3039 vel
331 2976 397 3039 vita
411 2976 637 3054 diffideremus,
652 2977 782 3041 tandem
798 2979 872 3042 Deo
887 2977 1030 3063 propicio
1045 2977 1203 3062 respirans
1219 3002 1313 3053 ocu-3

152 3064 200 3127 los
215 3062 330 3147 aperit,
354 3062 444 3148 quasi
461 3075 563 3127 morte
586 3077 746 3147 gravatos.
793 3064 865 3129 Nec
880 3087 992 3128 mora:
1016 3065 1104 3150 loqui
1126 3065 1243 3149 potuit,
1260 3077 1294 3130 et

151 3164 225 3236 post
245 3149 386 3213 triduum
404 3149 600 3229 melioratus,
618 3151 768 3214 fratribus
792 3151 866 3215 Deo
882 3152 1064 3236 Sanctoque
1082 3151 1221 3238 Martyri
1236 3172 1302 3217 suo·

138 3298 140 3305 .
155 3239 259 3302 Beato
286 3236 414 3301 Oswino
433 3236 511 3300 inibi
527 3237 788 3316 deservientibus,
806 3237 985 3301 orationem
1007 3261 1066 3322 pro
1089 3239 1203 3303 eodem
1219 3239 1296 3303 faci·

150 3324 290 3402 entibus,
301 3323 386 3388 intra
397 3345 515 3409 paucos
527 3323 595 3388 dies
605 3324 769 3389 incolumis
782 3338 817 3388 ut
827 3338 900 3389 ante
910 3325 1036 3409 operari
1045 3325 1153 3410 coepit.
1191 3324 1295 3389 Valde

151 3411 248 3496 igitur
259 3409 367 3474 mirari
378 3433 552 3495 possemus,
564 3411 678 3476 fratres
688 3411 854 3488 karissimi,
865 3412 1026 3476 hominem
1035 3413 1131 3490 hunc,
1145 3425 1211 3476 tam
1224 3435 1296 3497 gra-

152 3499 236 3562 viter
256 3498 389 3581 lapsum,
411 3510 478 3562 tam
500 3498 647 3564 celeriter
668 3499 763 3563 saluti
786 3498 906 3583 pariter
928 3513 962 3563 et
985 3499 1074 3585 operi
1096 3499 1292 3578 restitutum,

150 3585 214 3650 nisi
244 3584 467 3648 Beatissimum
494 3585 618 3670 Regem
642 3605 674 3651 et
699 3587 879 3672 Martyrem
905 3586 1069 3651 Oswinum
1095 3609 1154 3670 pro
1179 3586 1295 3650 eodem

148 3672 299 3758 operario
322 3694 380 3736 suo
402 3673 488 3758 apud
513 3672 622 3738 Deum
644 3672 849 3737 intervenisse
873 3673 985 3757 procul
1008 3672 1108 3737 dubio
1131 3673 1293 3737 sciremus.

157 3760 280 3824 Scimus
304 3772 422 3838 autern,
450 3760 537 3846 quod
567 3773 600 3824 et
626 3763 747 3847 majora
770 3761 819 3823 his
843 3761 1039 3847 frequenter,
1066 3782 1126 3845 per
1149 3760 1294 3845 ejusdem

155 3846 264 3912 Sancti
278 3846 394 3911 merita
409 3847 500 3911 Deus
516 3859 678 3931 operatur.
728 3846 816 3920 Quid
831 3846 916 3910 enirn
930 3847 1161 3932 preciosissima
1175 3860 1294 3932 marty-

151 3957 222 3998 rum
233 3957 361 4020 gemma
375 3934 408 3998 in
424 3934 544 3998 caelesti
566 3933 740 3997 beatudine
754 3933 927 4018 refulgens,
945 3935 1030 4017 apud
1044 3934 1294 4018 glorificatorem

149 4045 242 4085 suum
257 4044 321 4085 non
336 4021 506 4106 optineat?
545 4019 667 4083 Merito
682 4042 760 4104 ergo
771 4021 812 4084 ab
824 4019 970 4083 omnibus
991 4021 1124 4085 Sanctus
1136 4021 1196 4086 iste
1212 4043 1295 4104 prae-

150 4109 286 4186 dicetur,
305 4108 467 4182 timeatur,
483 4105 668 4183 honoretur,
685 4128 744 4190 per
758 4128 853 4205 quem
868 4106 962 4170 dator
977 4108 1119 4171 omnium
1136 4109 1294 4172 bonorum

152 4195 254 4273 Deus,
272 4208 305 4259 et
327 4214 466 4278 proquo
486 4203 575 4255 tanta
594 4192 720 4275 operari
742 4192 912 4280 dignatum
932 4193 983 4257 cui
1006 4194 1108 4282 gloria
1122 4196 1154 4260 in
1174 4194 1292 4260 secula.

151 4283 271 4346 Arrun.
