2888 5018
442 446 581 501 snucm
606 446 845 503 curnanarr.
1163 442 1214 523 75

58 615 174 682 Senex
191 612 289 702 igitur
299 634 365 676 una
379 633 451 676 cum
466 613 569 698 pueris
584 611 692 698 fugam
705 613 787 691 iniit,
804 614 912 703 sicque
927 639 1045 703 pueros
1060 619 1211 688 celandos

57 701 210 779 credidit,
228 725 262 766 se
273 699 332 786 [si]
347 699 432 784 ipsos
449 700 480 764 in
493 701 701 780 Britanniam,
717 725 884 789 quousque
900 706 1024 770 saevitia
1038 723 1208 791 parentum

57 789 272 867 obdormiret,
304 787 477 852 transferre
503 788 670 873 potuisset.
731 785 876 854 Veniens
898 791 996 876 igitur
1025 795 1067 858 ad
1097 812 1208 881 portus

58 879 160 942 maris
183 900 256 940 cum
278 874 393 960 pneris,
412 899 476 939 non
495 876 561 940 sine
578 877 789 941 admiratione
806 878 948 943 maxima
963 868 1064 967 super'
1075 890 1208 951 obcursu

58 963 203 1029 mulieris
224 964 477 1049 gratulabundus
493 967 633 1049 expavit.
680 964 801 1029 Videns
817 966 863 1030 rei
877 982 1068 1051 proventum
1086 995 1126 1036 ex
1144 973 1207 1037 Dei

59 1052 276 1137 disposicione
291 1053 372 1127 fieri,
386 1067 518 1115 matrem
536 1074 599 1115 una
615 1075 686 1116 eum
705 1053 773 1116 filio
789 1052 972 1138 diligentius
985 1058 1188 1142 amplexatur
1197 1085 1206 1138 3

58 1155 94 1202 et
111 1152 228 1204 cuncta
242 1140 287 1202 eis
302 1142 480 1202 necessaria
494 1141 696 1213 abundanter
707 1140 880 1205 ministrari
894 1142 981 1208 fecit.
1029 1148 1114 1211 Sene
1129 1171 1207 1232 ergo

60 1250 134 1292 cum
158 1227 264 1312 pueris
289 1228 352 1290 suis
376 1251 395 1290 a
420 1227 573 1291 nauclero
598 1228 672 1290 navi
688 1229 884 1306 introducto,
901 1253 995 1316 quam
1013 1233 1106 1296 citius
1121 1258 1206 1300 sere-

58 1314 160 1378 nioris
185 1314 316 1378 lenitate
340 1328 372 1377 et
395 1315 558 1378 arridente
582 1330 748 1380 ventorum
761 1318 973 1402 jocunditate,
995 1320 1070 1384 mali
1086 1322 1205 1386 machi-

58 1425 117 1477 nas
133 1401 238 1467 erexit
252 1417 286 1477 et
300 1402 372 1465 vela
386 1402 528 1488 desuper
543 1402 717 1487 pendentia
730 1417 896 1483 ventorum
910 1406 1024 1491 gratia
1036 1408 1206 1475 commisit.

62 1488 129 1567 Qui
157 1491 315 1555 sulcantes
338 1512 469 1576 aequora
491 1488 702 1574 pacatissima,
720 1489 795 1553 dum
812 1490 917 1556 minus
933 1492 1040 1576 aliqua
1055 1494 1205 1583 ingruere

57 1578 196 1659 adversa
217 1578 397 1653 crederent,
415 1577 564 1642 volvente
581 1590 653 1649 rota
668 1578 818 1655 tartunae,
835 1578 931 1642 celeri
948 1581 1131 1653 mutationis
1147 1583 1205 1649 im-

57 1679 137 1750 petu
162 1664 271 1730 subito
296 1664 455 1750 provenit,
481 1679 517 1730 ut
539 1666 694 1730 adversus
715 1665 902 1751 navigantes
926 1684 1023 1733 aestus
1040 1669 1203 1751 turbinum

57 1753 153 1833 nimis
177 1754 378 1838 importunus
393 1755 583 1841 insurgeret.
634 1754 749 1840 Sicque
765 1754 878 1819 diebus
894 1755 1016 1840 aliquot
1032 1770 1205 1842 tempestas

56 1841 199 1911 motibus
226 1841 464 1927 inquietissimis
490 1839 601 1926 viguit,
631 1841 697 1918 sed,
724 1841 894 1907 ordinante
921 1854 1002 1907 nutu
1028 1846 1202 1925 Creatoria

56 1951 121 2005 nou
138 1927 267 1993 modico
282 1929 391 2013 elapso
406 1939 552 2012 tempore
568 1927 762 2015 conquievit.

495 2239 614 2318 [cna.
645 2238 757 2321 xvi]

102 2465 235 2533 Interea
250 2464 330 2530 visio
353 2463 506 2529 mirabilis
522 2487 622 2550 puero
639 2484 767 2531 ostensa
782 2477 841 2546 est,
858 2468 916 2532 sed
931 2466 997 2532 sive
1021 2467 1052 2532 in
1069 2491 1204 2555 corpore

56 2552 123 2623 sive
139 2564 234 2619 extra
255 2566 350 2630 esset,
374 2551 550 2638 ignoratur.
598 2553 779 2619 Videbatur
794 2555 902 2642 itaque
918 2556 946 2621 ei
962 2557 1049 2642 quod
1065 2558 1207 2627 anchora

56 2664 171 2707 eorum
186 2664 287 2727 usque
303 2640 345 2705 ad
369 2640 463 2707 maris
486 2663 561 2727 yma
576 2641 796 2719 descenderet,
813 2657 847 2706 et
867 2664 942 2707 ecce
957 2643 1071 2707 mirum
1087 2645 1120 2708 in
1137 2666 1205 2709 mo-

56 2731 134 2795 dum
158 2729 241 2792 vidit
263 2728 434 2793 anchoram
458 2729 549 2816 quasi
571 2730 735 2814 cujusdam
759 2729 897 2795 domatis
921 2727 1017 2815 tignis
1039 2741 1074 2793 et
1089 2731 1204 2814 tegulis

56 2817 181 2885 firmius
204 2816 371 2883 inbaerere.
418 2818 465 2881 At
487 2839 568 2901 puer
593 2817 742 2881 incredus
769 2818 847 2892 [ita]
872 2817 913 2879 de
936 2814 1008 2887 navi
1032 2816 1091 2881 sub
1116 2817 1206 2883 festi-

56 2906 188 2971 natione
212 2904 421 2982 descendens‚
446 2904 599 2971 anchorae
621 2925 688 2966 suae
711 2905 864 2986 ligaturas
880 2915 1015 2968 conatur
1026 2903 1205 2981 absolvere,

56 3005 90 3061 et
104 2993 221 3059 domus
244 2994 345 3059 instar
367 2991 548 3076 apparentis
571 2990 733 3058 divellere.
782 2991 835 3055 Ad
856 3012 952 3078 quem
968 2990 1057 3076 quasi
1073 2991 1206 3063 colonus

56 3079 182 3151 excitus
207 3081 267 3145 sub
290 3080 387 3147 celeri
423 3081 606 3146 maturitate
630 3078 844 3164 progreditur,
880 3081 1006 3167 etquis
1031 3078 1206 3155 habitaculi

56 3167 106 3233 sui
129 3166 232 3251 spolia
254 3168 408 3253 diriperet
438 3167 529 3253 qnasi
556 3167 732 3237 indolendo
760 3165 989 3254 conquaeritur.
1050 3166 1205 3254 Forisque

56 3255 220 3340 prodiens,
236 3270 269 3323 et
283 3257 461 3320 comminus
485 3278 619 3339 puerum
644 3270 810 3329 contuens,
826 3256 931 3329 statim
957 3254 988 3320 in
1005 3254 1115 3327 oscula
1128 3255 1203 3336 ruit,

57 3357 147 3409 etex
162 3341 274 3431 lingua
287 3365 388 3429 puero
403 3345 524 3427 agnito,
549 3342 678 3408 nomine
693 3343 826 3431 proprio
848 3342 893 3407 illi
909 3343 1026 3417 salutes
1042 3345 1206 3415 aternita-

58 3430 98 3494 tis
120 3431 296 3516 adoptavit.
344 3441 366 3496 ‘f
384 3431 492 3499 Bene''
516 3433 645 3517 inquam
675 3442 695 3499 l‘
706 3432 800 3508 bene,
832 3453 915 3514 puer
938 3427 1001 3517 pie,
1025 3430 1203 3514 adveneris,

79 3519 112 3582 ui
135 3541 347 3604 supernorum
380 3518 495 3582 civium
520 3541 663 3596 consors,
687 3521 762 3584 Deo
783 3517 1032 3603 praeordlnante‚
1049 3521 1204 3588 consistis.

56 3542 124 3669 lna
142 3608 228 3670 enim
245 3621 293 3671 est
308 3630 350 3671 ex
365 3629 430 3692 quo
446 3607 491 3670 tui
516 3608 670 3670 adventus
698 3629 794 3670 causa
816 3604 894 3667 mihi
908 3605 1058 3679 innotuit.
1075 3610 1204 3675 etmihi

56 3708 89 3759 te
104 3696 136 3757 in
152 3694 212 3758 hiis
223 3695 368 3780 partibus
385 3693 524 3758 visurum
547 3695 651 3780 gratia
666 3695 776 3757 divina
792 3693 946 3778 promisit.
995 3692 1064 3758 Nec
1080 3696 1122 3760 de
1138 3712 1203 3762 tam

56 3782 175 3845 insoliti
192 3798 326 3847 eventus
349 3805 444 3846 causa
459 3782 526 3866 jam
543 3798 678 3865 metuas,
703 3805 743 3865 eo
769 3779 857 3867 quod
884 3801 1042 3864 corporeo
1057 3789 1202 3852 contuitu

55 3869 155 3934 modo
178 3871 316 3954 inspicis,
340 3871 459 3934 futurae
478 3868 557 3933 'vitae
581 3883 646 3932 tuae
671 3869 821 3953 exempla
837 3868 1043 3954 praefigurata
1067 3894 1201 3958 cognos·

54 3958 139 4025 cas.”
186 3958 464 4044 Apprebensaque
488 3978 584 4020 manu
610 3956 701 4040 pueri
724 3957 816 4042 quasi
838 3957 898 4022 sub
917 3955 1047 4021 domate
1072 3981 1144 4023 cum
1161 3985 1201 4025 eo

53 4044 163 4124 subiit,
180 4057 213 4111 et
228 4046 290 4112 tria
304 4047 433 4111 vascula
448 4043 629 4109 admirandi
645 4046 751 4129 operis
762 4044 854 4129 pueri
870 4044 1017 4121 manibus
1032 4047 1202 4137 consigna.

53 4133 110 4212 vit,
135 4156 210 4221 quae
232 4133 367 4200 baccilia
382 4134 478 4197 heros
493 4133 546 4196 ille
558 4131 746 4200 nominavit.
795 4128 857 4211 Cui
872 4132 1067 4218 subjungens
1082 4131 1201 4223 intulit,

54 4231 77 4265 ‘⁸
92 4221 173 4311 Eya‚
198 4220 349 4299 minate,
373 4221 435 4285 boc
451 4243 504 4285 vas
529 4219 587 4285 tibi
610 4220 747 4291 debetur
769 4220 800 4284 in
816 4219 991 4305 proprium,
1012 4232 1046 4287 et
1060 4217 1128 4291 duo
1150 4247 1202 4291 re·

53 4309 142 4400 liqua
164 4326 224 4378 tuo
246 4311 363 4377 cedent
385 4309 539 4395 magistro
551 4331 560 4384 3
586 4309 658 4383 vide
680 4332 722 4375 ne
737 4323 827 4375 tuum
845 4331 864 4374 a
880 4322 912 4375 te
924 4304 1098 4387 dimittas.'³
1128 4313 1201 4381 Do-

53 4420 143 4467 mum
166 4420 247 4489 ergo
268 4397 391 4475 exiam,
414 4417 493 4462 mox
515 4395 690 4487 anchoram
711 4394 862 4474 absoluit,
888 4394 1092 4497 pastumque
1120 4397 1202 4469 liba-
